symbol,company_name,exchange,fiscal_year,year_end_date,revenue,gross_profit,net_income,operating_cash_flow,free_cash_flow,created_at,updated_at
1010.SR,Riyad Bank,Tadawul,2024,2024-12-31,17252501000.00,,9321894000.00,14065931000.00,12293620000.00,2025-09-30 22:20:48.739059+03:00,2025-09-30 22:20:48.739059+03:00
1010.SR,Riyad Bank,Tadawul,2023,2023-12-31,15758743000.00,,8045844000.00,-5920495000.00,-8867284000.00,2025-09-30 22:20:48.739059+03:00,2025-09-30 22:20:48.739059+03:00
1010.SR,Riyad Bank,Tadawul,2022,2022-12-31,13328144000.00,,7019322000.00,1998305000.00,700866000.00,2025-09-30 22:20:48.739059+03:00,2025-09-30 22:20:48.739059+03:00
1010.SR,Riyad Bank,Tadawul,2021,2021-12-31,11575571000.00,,6025379000.00,-10026167000.00,-10758662000.00,2025-09-30 22:20:48.739059+03:00,2025-09-30 22:20:48.739059+03:00
1020.SR,Bank AlJazira,Tadawul,2024,2024-12-31,3779125000.00,,1230954000.00,1916975000.00,1664334000.00,2025-09-30 22:20:53.218853+03:00,2025-09-30 22:20:53.218853+03:00
1020.SR,Bank AlJazira,Tadawul,2023,2023-12-31,3323080000.00,,1019972000.00,-1683604000.00,-1887576000.00,2025-09-30 22:20:53.218853+03:00,2025-09-30 22:20:53.218853+03:00
1020.SR,Bank AlJazira,Tadawul,2022,2022-12-31,3429643000.00,,1109088000.00,4548446000.00,4344529000.00,2025-09-30 22:20:53.218853+03:00,2025-09-30 22:20:53.218853+03:00
1020.SR,Bank AlJazira,Tadawul,2021,2021-12-31,3546884000.00,,1006076000.00,70427000.00,-76283000.00,2025-09-30 22:20:53.218853+03:00,2025-09-30 22:20:53.218853+03:00
1030.SR,The Saudi Investment Bank,Tadawul,2024,2024-12-31,4174249000.00,,1956630000.00,4523580000.00,4140926000.00,2025-09-30 22:20:58.365665+03:00,2025-09-30 22:20:58.365665+03:00
1030.SR,The Saudi Investment Bank,Tadawul,2023,2023-12-31,3966150000.00,,1761607000.00,9720910000.00,9502480000.00,2025-09-30 22:20:58.365665+03:00,2025-09-30 22:20:58.365665+03:00
1030.SR,The Saudi Investment Bank,Tadawul,2022,2022-12-31,3293640000.00,,1507855000.00,-3029424000.00,-3482805000.00,2025-09-30 22:20:58.365665+03:00,2025-09-30 22:20:58.365665+03:00
1030.SR,The Saudi Investment Bank,Tadawul,2021,2021-12-31,2758248000.00,,1061656000.00,1465999000.00,1284209000.00,2025-09-30 22:20:58.365665+03:00,2025-09-30 22:20:58.365665+03:00
1030.SR,The Saudi Investment Bank,Tadawul,2020,2020-12-31,,,,,,2025-09-30 22:20:58.365665+03:00,2025-09-30 22:20:58.365665+03:00
1050.SR,Banque Saudi Fransi,Tadawul,2024,2024-12-31,9621734000.00,,4544071000.00,4771141000.00,4191297000.00,2025-09-30 22:21:03.016662+03:00,2025-09-30 22:21:03.016662+03:00
1050.SR,Banque Saudi Fransi,Tadawul,2023,2023-12-31,9398142000.00,,4222733000.00,70939000.00,-478756000.00,2025-09-30 22:21:03.016662+03:00,2025-09-30 22:21:03.016662+03:00
1050.SR,Banque Saudi Fransi,Tadawul,2022,2022-12-31,8021256000.00,,3575130000.00,-400703000.00,-776402000.00,2025-09-30 22:21:03.016662+03:00,2025-09-30 22:21:03.016662+03:00
1050.SR,Banque Saudi Fransi,Tadawul,2021,2021-12-31,7244825000.00,,3449877000.00,7850596000.00,7590739000.00,2025-09-30 22:21:03.016662+03:00,2025-09-30 22:21:03.016662+03:00
1060.SR,Saudi Awwal Bank,Tadawul,2024,2024-12-31,14136138000.00,,8070461000.00,-748934000.00,-1642316000.00,2025-09-30 22:21:07.523428+03:00,2025-09-30 22:21:07.523428+03:00
1060.SR,Saudi Awwal Bank,Tadawul,2023,2023-12-31,12814086000.00,,7002373000.00,8294229000.00,7739459000.00,2025-09-30 22:21:07.523428+03:00,2025-09-30 22:21:07.523428+03:00
1060.SR,Saudi Awwal Bank,Tadawul,2022,2022-12-31,9654205000.00,,4827605000.00,30547294000.00,29886264000.00,2025-09-30 22:21:07.523428+03:00,2025-09-30 22:21:07.523428+03:00
1060.SR,Saudi Awwal Bank,Tadawul,2021,2021-12-31,7683267000.00,,3204427000.00,-15725504000.00,-16182923000.00,2025-09-30 22:21:07.523428+03:00,2025-09-30 22:21:07.523428+03:00
1060.SR,Saudi Awwal Bank,Tadawul,2020,2020-12-31,,,,,,2025-09-30 22:21:07.523428+03:00,2025-09-30 22:21:07.523428+03:00
1080.SR,Arab National Bank,Tadawul,2024,2024-12-31,9469351000.00,,4966022000.00,9303643000.00,8676301000.00,2025-09-30 22:21:12.095412+03:00,2025-09-30 22:21:12.095412+03:00
1080.SR,Arab National Bank,Tadawul,2023,2023-12-31,8544737000.00,,4070510000.00,1211663000.00,832565000.00,2025-09-30 22:21:12.095412+03:00,2025-09-30 22:21:12.095412+03:00
1080.SR,Arab National Bank,Tadawul,2022,2022-12-31,6849251000.00,,3070405000.00,5147107000.00,4936911000.00,2025-09-30 22:21:12.095412+03:00,2025-09-30 22:21:12.095412+03:00
1080.SR,Arab National Bank,Tadawul,2021,2021-12-31,5764689000.00,,2176591000.00,924859000.00,844302000.00,2025-09-30 22:21:12.095412+03:00,2025-09-30 22:21:12.095412+03:00
1111.SR,Saudi Tadawul Group Holding Company,Tadawul,2024,2024-12-31,1446558786.00,911796308.00,621842981.00,624899201.00,411164685.00,2025-09-30 22:21:47.574733+03:00,2025-09-30 22:21:47.574733+03:00
1111.SR,Saudi Tadawul Group Holding Company,Tadawul,2023,2023-12-31,1072780190.00,606841839.00,390060733.00,394754714.00,253683899.00,2025-09-30 22:21:47.574733+03:00,2025-09-30 22:21:47.574733+03:00
1111.SR,Saudi Tadawul Group Holding Company,Tadawul,2022,2022-12-31,1090195935.00,702470021.00,424598326.00,470399431.00,371305056.00,2025-09-30 22:21:47.574733+03:00,2025-09-30 22:21:47.574733+03:00
1111.SR,Saudi Tadawul Group Holding Company,Tadawul,2021,2021-12-31,1166080140.00,834293402.00,587703531.00,591537930.00,548073019.00,2025-09-30 22:21:47.574733+03:00,2025-09-30 22:21:47.574733+03:00
1111.SR,Saudi Tadawul Group Holding Company,Tadawul,2020,2020-12-31,,,,,,2025-09-30 22:21:47.574733+03:00,2025-09-30 22:21:47.574733+03:00
1120.SR,Al Rajhi Banking and Investment Corporation,Tadawul,2024,2024-12-31,31912742000.00,,19722206000.00,52588797000.00,49031673000.00,2025-09-30 21:28:44.146231+03:00,2025-09-30 21:28:44.146231+03:00
1120.SR,Al Rajhi Banking and Investment Corporation,Tadawul,2023,2023-12-31,27433692000.00,,16621159000.00,27422731000.00,23761817000.00,2025-09-30 21:28:44.146231+03:00,2025-09-30 21:28:44.146231+03:00
1120.SR,Al Rajhi Banking and Investment Corporation,Tadawul,2022,2022-12-31,28553507000.00,,17150825000.00,7376794000.00,4570150000.00,2025-09-30 21:28:44.146231+03:00,2025-09-30 21:28:44.146231+03:00
1120.SR,Al Rajhi Banking and Investment Corporation,Tadawul,2021,2021-12-31,25636857000.00,,14746211000.00,23855434000.00,21468949000.00,2025-09-30 21:28:44.146231+03:00,2025-09-30 21:28:44.146231+03:00
1140.SR,Bank Albilad,Tadawul,2024,2024-12-31,5654008000.00,,2806531000.00,7711782000.00,7258455000.00,2025-09-30 22:21:16.474813+03:00,2025-09-30 22:21:16.474813+03:00
1140.SR,Bank Albilad,Tadawul,2023,2023-12-31,5303104000.00,,2368938000.00,1292536000.00,975746000.00,2025-09-30 22:21:16.474813+03:00,2025-09-30 22:21:16.474813+03:00
1140.SR,Bank Albilad,Tadawul,2022,2022-12-31,5174125000.00,,2081688000.00,8835660000.00,8518641000.00,2025-09-30 22:21:16.474813+03:00,2025-09-30 22:21:16.474813+03:00
1140.SR,Bank Albilad,Tadawul,2021,2021-12-31,4589188000.00,,1686537000.00,2599113000.00,2440527000.00,2025-09-30 22:21:16.474813+03:00,2025-09-30 22:21:16.474813+03:00
1150.SR,Alinma Bank,Tadawul,2024,2024-12-31,10934157000.00,,5831661000.00,5728745000.00,4939939000.00,2025-09-30 22:21:21.010475+03:00,2025-09-30 22:21:21.010475+03:00
1150.SR,Alinma Bank,Tadawul,2023,2023-12-31,9686112000.00,,4839206000.00,8360141000.00,7802946000.00,2025-09-30 22:21:21.010475+03:00,2025-09-30 22:21:21.010475+03:00
1150.SR,Alinma Bank,Tadawul,2022,2022-12-31,7967671000.00,,3599140000.00,8202820000.00,7738056000.00,2025-09-30 22:21:21.010475+03:00,2025-09-30 22:21:21.010475+03:00
1150.SR,Alinma Bank,Tadawul,2021,2021-12-31,6643294000.00,,2709387000.00,-2839143000.00,-3029960000.00,2025-09-30 22:21:21.010475+03:00,2025-09-30 22:21:21.010475+03:00
1180.SR,The Saudi National Bank,Tadawul,2024,2024-12-31,37621231000.00,,21192995000.00,-42128930000.00,-44040456000.00,2025-09-30 22:21:25.482907+03:00,2025-09-30 22:21:25.482907+03:00
1180.SR,The Saudi National Bank,Tadawul,2023,2023-12-31,35889512000.00,,20009968000.00,29196804000.00,27192943000.00,2025-09-30 22:21:25.482907+03:00,2025-09-30 22:21:25.482907+03:00
1180.SR,The Saudi National Bank,Tadawul,2022,2022-12-31,34071100000.00,,18580690000.00,-4239429000.00,-6310675000.00,2025-09-30 22:21:25.482907+03:00,2025-09-30 22:21:25.482907+03:00
1180.SR,The Saudi National Bank,Tadawul,2021,2021-12-31,29416755000.00,,12668176000.00,18069989000.00,16288388000.00,2025-09-30 22:21:25.482907+03:00,2025-09-30 22:21:25.482907+03:00
1182.SR,Amlak International Finance Company,Tadawul,2024,2024-12-31,244462000.00,,46314000.00,-539745000.00,-566939000.00,2025-09-30 22:21:38.855357+03:00,2025-09-30 22:21:38.855357+03:00
1182.SR,Amlak International Finance Company,Tadawul,2023,2023-12-31,180804000.00,,31806000.00,-392799000.00,-414728000.00,2025-09-30 22:21:38.855357+03:00,2025-09-30 22:21:38.855357+03:00
1182.SR,Amlak International Finance Company,Tadawul,2022,2022-12-31,224255000.00,,96722000.00,250323000.00,245586000.00,2025-09-30 22:21:38.855357+03:00,2025-09-30 22:21:38.855357+03:00
1182.SR,Amlak International Finance Company,Tadawul,2021,2021-12-31,232133000.00,,107753000.00,40223000.00,34270000.00,2025-09-30 22:21:38.855357+03:00,2025-09-30 22:21:38.855357+03:00
1183.SR,SHL Finance Company,Tadawul,2024,2024-12-31,144982000.00,,26528000.00,112145000.00,110974000.00,2025-09-30 22:21:34.319967+03:00,2025-09-30 22:21:34.319967+03:00
1183.SR,SHL Finance Company,Tadawul,2023,2023-12-31,112020000.00,,2326000.00,164622000.00,162575000.00,2025-09-30 22:21:34.319967+03:00,2025-09-30 22:21:34.319967+03:00
1183.SR,SHL Finance Company,Tadawul,2022,2022-12-31,189411427.00,,95889625.00,147642424.00,147281906.00,2025-09-30 22:21:34.319967+03:00,2025-09-30 22:21:34.319967+03:00
1183.SR,SHL Finance Company,Tadawul,2021,2021-12-31,214618265.00,,103195599.00,322446037.00,321022477.00,2025-09-30 22:21:34.319967+03:00,2025-09-30 22:21:34.319967+03:00
1183.SR,SHL Finance Company,Tadawul,2020,2020-12-31,,,,,,2025-09-30 22:21:34.319967+03:00,2025-09-30 22:21:34.319967+03:00
1201.SR,Takween Advanced Industries,Tadawul,2024,2024-12-31,671735000.00,71336000.00,-75835000.00,-11176000.00,-46333000.00,2025-09-30 21:50:58.290350+03:00,2025-09-30 21:50:58.290350+03:00
1201.SR,Takween Advanced Industries,Tadawul,2023,2023-12-31,818163000.00,897000.00,-223333000.00,-12866000.00,-42460000.00,2025-09-30 21:50:58.290350+03:00,2025-09-30 21:50:58.290350+03:00
1201.SR,Takween Advanced Industries,Tadawul,2022,2022-12-31,1045399000.00,32550000.00,-158916000.00,71496000.00,48309000.00,2025-09-30 21:50:58.290350+03:00,2025-09-30 21:50:58.290350+03:00
1201.SR,Takween Advanced Industries,Tadawul,2021,2021-12-31,838556000.00,51915000.00,19026000.00,30142000.00,7606000.00,2025-09-30 21:50:58.290350+03:00,2025-09-30 21:50:58.290350+03:00
1201.SR,Takween Advanced Industries,Tadawul,2020,2020-12-31,,,,,,2025-09-30 21:50:58.290350+03:00,2025-09-30 21:50:58.290350+03:00
1202.SR,Middle East Company for Manufacturing and Producing Paper,Tadawul,2024,2024-12-31,1065255961.00,107626870.00,-77326129.00,-100005234.00,-190219118.00,2025-09-30 21:50:49.649584+03:00,2025-09-30 21:50:49.649584+03:00
1202.SR,Middle East Company for Manufacturing and Producing Paper,Tadawul,2023,2023-12-31,866752771.00,43676431.00,-80269141.00,198122581.00,-72094089.00,2025-09-30 21:50:49.649584+03:00,2025-09-30 21:50:49.649584+03:00
1202.SR,Middle East Company for Manufacturing and Producing Paper,Tadawul,2022,2022-12-31,1187005798.00,502786097.00,269698532.00,238674940.00,72962154.00,2025-09-30 21:50:49.649584+03:00,2025-09-30 21:50:49.649584+03:00
1202.SR,Middle East Company for Manufacturing and Producing Paper,Tadawul,2021,2021-12-31,1057399630.00,394102245.00,220710095.00,251301742.00,187311441.00,2025-09-30 21:50:49.649584+03:00,2025-09-30 21:50:49.649584+03:00
1210.SR,Basic Chemical Industries Company,Tadawul,2024,2024-12-31,755578948.00,181139189.00,8505126.00,27929121.00,10860945.00,2025-09-30 21:56:04.625696+03:00,2025-09-30 21:56:04.625696+03:00
1210.SR,Basic Chemical Industries Company,Tadawul,2023,2023-12-31,741107788.00,167957566.00,5518143.00,111424251.00,91910657.00,2025-09-30 21:56:04.625696+03:00,2025-09-30 21:56:04.625696+03:00
1210.SR,Basic Chemical Industries Company,Tadawul,2022,2022-12-31,674665582.00,172913556.00,40432242.00,65730083.00,-56227994.00,2025-09-30 21:56:04.625696+03:00,2025-09-30 21:56:04.625696+03:00
1210.SR,Basic Chemical Industries Company,Tadawul,2021,2021-12-31,513378612.00,143761823.00,34368495.00,40303027.00,-157989166.00,2025-09-30 21:56:04.625696+03:00,2025-09-30 21:56:04.625696+03:00
1210.SR,Basic Chemical Industries Company,Tadawul,2020,2020-12-31,,,,,,2025-09-30 21:56:04.625696+03:00,2025-09-30 21:56:04.625696+03:00
1211.SR,Saudi Arabian Mining Company (Ma'aden),Tadawul,2024,2024-12-31,32546157340.00,9244158362.00,2871544808.00,10318622866.00,5998647510.00,2025-09-30 21:56:08.983849+03:00,2025-09-30 21:56:08.983849+03:00
1211.SR,Saudi Arabian Mining Company (Ma'aden),Tadawul,2023,2023-12-31,29271927826.00,6914411981.00,1577326494.00,7529235136.00,3764899703.00,2025-09-30 21:56:08.983849+03:00,2025-09-30 21:56:08.983849+03:00
1211.SR,Saudi Arabian Mining Company (Ma'aden),Tadawul,2022,2022-12-31,40277122289.00,16248951457.00,9319047152.00,15935827405.00,13403913936.00,2025-09-30 21:56:08.983849+03:00,2025-09-30 21:56:08.983849+03:00
1211.SR,Saudi Arabian Mining Company (Ma'aden),Tadawul,2021,2021-12-31,26769006109.00,9154668071.00,5227700464.00,9416267078.00,4968049152.00,2025-09-30 21:56:08.983849+03:00,2025-09-30 21:56:08.983849+03:00
1211.SR,Saudi Arabian Mining Company (Ma'aden),Tadawul,2020,2020-12-31,,,,,,2025-09-30 21:56:08.983849+03:00,2025-09-30 21:56:08.983849+03:00
1212.SR,Astra Industrial Group Company,Tadawul,2024,2024-12-31,3062261277.00,1342292117.00,589340930.00,728934203.00,470440326.00,2025-09-30 21:58:25.117611+03:00,2025-09-30 21:58:25.117611+03:00
1212.SR,Astra Industrial Group Company,Tadawul,2023,2023-12-31,2819586562.00,1182305880.00,475326552.00,679529062.00,591439100.00,2025-09-30 21:58:25.117611+03:00,2025-09-30 21:58:25.117611+03:00
1212.SR,Astra Industrial Group Company,Tadawul,2022,2022-12-31,2594148494.00,1040052426.00,474316220.00,357184475.00,292618242.00,2025-09-30 21:58:25.117611+03:00,2025-09-30 21:58:25.117611+03:00
1212.SR,Astra Industrial Group Company,Tadawul,2021,2021-12-31,2330204128.00,894526085.00,202368832.00,378474508.00,298019318.00,2025-09-30 21:58:25.117611+03:00,2025-09-30 21:58:25.117611+03:00
1212.SR,Astra Industrial Group Company,Tadawul,2020,2020-12-31,,,,,,2025-09-30 21:58:25.117611+03:00,2025-09-30 21:58:25.117611+03:00
1213.SR,Naseej International Trading Company,Tadawul,2024,2024-12-31,196755000.00,17737000.00,-42594000.00,31997000.00,27384000.00,2025-09-30 22:00:49.151722+03:00,2025-09-30 22:00:49.151722+03:00
1213.SR,Naseej International Trading Company,Tadawul,2023,2023-12-31,260517000.00,53881000.00,-15931000.00,29199000.00,26577000.00,2025-09-30 22:00:49.151722+03:00,2025-09-30 22:00:49.151722+03:00
1213.SR,Naseej International Trading Company,Tadawul,2022,2022-12-31,280181000.00,49913000.00,-1376000.00,-14556000.00,-15457000.00,2025-09-30 22:00:49.151722+03:00,2025-09-30 22:00:49.151722+03:00
1213.SR,Naseej International Trading Company,Tadawul,2021,2021-12-31,230196000.00,27649000.00,-85517000.00,-41824000.00,-49417000.00,2025-09-30 22:00:49.151722+03:00,2025-09-30 22:00:49.151722+03:00
1214.SR,Al Hassan Ghazi Ibrahim Shaker Company,Tadawul,2024,2024-12-31,1415906000.00,346523000.00,81586000.00,161475000.00,148408000.00,2025-09-30 21:58:20.823521+03:00,2025-09-30 21:58:20.823521+03:00
1214.SR,Al Hassan Ghazi Ibrahim Shaker Company,Tadawul,2023,2023-12-31,1236237000.00,317763000.00,65427000.00,20816000.00,18613000.00,2025-09-30 21:58:20.823521+03:00,2025-09-30 21:58:20.823521+03:00
1214.SR,Al Hassan Ghazi Ibrahim Shaker Company,Tadawul,2022,2022-12-31,1037226000.00,237643000.00,32832000.00,-34935000.00,-36624000.00,2025-09-30 21:58:20.823521+03:00,2025-09-30 21:58:20.823521+03:00
1214.SR,Al Hassan Ghazi Ibrahim Shaker Company,Tadawul,2021,2021-12-31,1002738000.00,215567000.00,27423000.00,-127322000.00,-129982000.00,2025-09-30 21:58:20.823521+03:00,2025-09-30 21:58:20.823521+03:00
1214.SR,Al Hassan Ghazi Ibrahim Shaker Company,Tadawul,2020,2020-12-31,,,,,,2025-09-30 21:58:20.823521+03:00,2025-09-30 21:58:20.823521+03:00
1301.SR,United Wire Factories Company,Tadawul,2024,2024-12-31,707286079.00,57916368.00,16232927.00,79018187.00,39895450.00,2025-09-30 21:55:38.138794+03:00,2025-09-30 21:55:38.138794+03:00
1301.SR,United Wire Factories Company,Tadawul,2023,2023-12-31,792781846.00,64711832.00,20419420.00,3682242.00,-12858345.00,2025-09-30 21:55:38.138794+03:00,2025-09-30 21:55:38.138794+03:00
1301.SR,United Wire Factories Company,Tadawul,2022,2022-12-31,1026362591.00,107309063.00,56675330.00,81106810.00,73313868.00,2025-09-30 21:55:38.138794+03:00,2025-09-30 21:55:38.138794+03:00
1301.SR,United Wire Factories Company,Tadawul,2021,2021-12-31,921327393.00,85645966.00,46182991.00,31773310.00,26559507.00,2025-09-30 21:55:38.138794+03:00,2025-09-30 21:55:38.138794+03:00
1301.SR,United Wire Factories Company,Tadawul,2020,2020-12-31,,,,,,2025-09-30 21:55:38.138794+03:00,2025-09-30 21:55:38.138794+03:00
1302.SR,Bawan Company,Tadawul,2024,2024-12-31,3020204000.00,368971000.00,106032000.00,134960000.00,44546000.00,2025-09-30 21:58:29.410004+03:00,2025-09-30 21:58:29.410004+03:00
1302.SR,Bawan Company,Tadawul,2023,2023-12-31,3351813000.00,385734000.00,136040000.00,286544000.00,186120000.00,2025-09-30 21:58:29.410004+03:00,2025-09-30 21:58:29.410004+03:00
1302.SR,Bawan Company,Tadawul,2022,2022-12-31,3364258000.00,404107000.00,162850000.00,299977000.00,217434000.00,2025-09-30 21:58:29.410004+03:00,2025-09-30 21:58:29.410004+03:00
1302.SR,Bawan Company,Tadawul,2021,2021-12-31,3227410000.00,425472000.00,170342000.00,142965000.00,95485000.00,2025-09-30 21:58:29.410004+03:00,2025-09-30 21:58:29.410004+03:00
1302.SR,Bawan Company,Tadawul,2020,2020-12-31,,,,,,2025-09-30 21:58:29.410004+03:00,2025-09-30 21:58:29.410004+03:00
1303.SR,Electrical Industries Company,Tadawul,2024,2024-12-31,1987068838.00,665315055.00,401730829.00,688229937.00,643450448.00,2025-09-30 21:58:38.065727+03:00,2025-09-30 21:58:38.065727+03:00
1303.SR,Electrical Industries Company,Tadawul,2023,2023-12-31,1559350954.00,401295145.00,201033987.00,107137204.00,84034157.00,2025-09-30 21:58:38.065727+03:00,2025-09-30 21:58:38.065727+03:00
1303.SR,Electrical Industries Company,Tadawul,2022,2022-12-31,1066088833.00,237622008.00,94170010.00,-87650807.00,-98201715.00,2025-09-30 21:58:38.065727+03:00,2025-09-30 21:58:38.065727+03:00
1303.SR,Electrical Industries Company,Tadawul,2021,2021-12-31,770687910.00,149550172.00,48845470.00,12131969.00,-12896025.00,2025-09-30 21:58:38.065727+03:00,2025-09-30 21:58:38.065727+03:00
1304.SR,Al Yamamah Steel Industries Company,Tadawul,2024,2024-09-30,1956591394.00,223898361.00,70800717.00,187556296.00,160623818.00,2025-09-30 21:56:13.519704+03:00,2025-09-30 21:56:13.519704+03:00
1304.SR,Al Yamamah Steel Industries Company,Tadawul,2023,2023-09-30,1559533721.00,-28418778.00,-130142311.00,138857778.00,1280143.00,2025-09-30 21:56:13.519704+03:00,2025-09-30 21:56:13.519704+03:00
1304.SR,Al Yamamah Steel Industries Company,Tadawul,2022,2022-09-30,1464976007.00,78157162.00,-26655991.00,-286677049.00,-386169117.00,2025-09-30 21:56:13.519704+03:00,2025-09-30 21:56:13.519704+03:00
1304.SR,Al Yamamah Steel Industries Company,Tadawul,2021,2021-09-30,1619027590.00,364173517.00,207831707.00,279776864.00,238488107.00,2025-09-30 21:56:13.519704+03:00,2025-09-30 21:56:13.519704+03:00
1320.SR,Saudi Steel Pipes Company,Tadawul,2024,2024-12-31,1630189005.00,398834927.00,180630645.00,36550739.00,-4891802.00,2025-09-30 21:55:42.520087+03:00,2025-09-30 21:55:42.520087+03:00
1320.SR,Saudi Steel Pipes Company,Tadawul,2023,2023-12-31,1334708124.00,283350250.00,173051631.00,315357590.00,307567955.00,2025-09-30 21:55:42.520087+03:00,2025-09-30 21:55:42.520087+03:00
1320.SR,Saudi Steel Pipes Company,Tadawul,2022,2022-12-31,747622847.00,107162368.00,54205644.00,-12154508.00,-13929011.00,2025-09-30 21:55:42.520087+03:00,2025-09-30 21:55:42.520087+03:00
1320.SR,Saudi Steel Pipes Company,Tadawul,2021,2021-12-31,373484610.00,27334583.00,931645.00,61840022.00,55199561.00,2025-09-30 21:55:42.520087+03:00,2025-09-30 21:55:42.520087+03:00
1320.SR,Saudi Steel Pipes Company,Tadawul,2020,2020-12-31,,,,,,2025-09-30 21:55:42.520087+03:00,2025-09-30 21:55:42.520087+03:00
1321.SR,East Pipes Integrated Company for Industry,Tadawul,2025,2025-03-31,1832845313.00,460104275.00,382123608.00,237584204.00,229074858.00,2025-09-30 21:56:17.793124+03:00,2025-09-30 21:56:17.793124+03:00
1321.SR,East Pipes Integrated Company for Industry,Tadawul,2024,2024-03-31,1543167801.00,350559221.00,267507881.00,10724955.00,5549353.00,2025-09-30 21:56:17.793124+03:00,2025-09-30 21:56:17.793124+03:00
1321.SR,East Pipes Integrated Company for Industry,Tadawul,2023,2023-03-31,1438646383.00,155799702.00,99920835.00,17765842.00,14263523.00,2025-09-30 21:56:17.793124+03:00,2025-09-30 21:56:17.793124+03:00
1321.SR,East Pipes Integrated Company for Industry,Tadawul,2022,2022-03-31,597465405.00,27745328.00,-3245320.00,-98578554.00,-101861247.00,2025-09-30 21:56:17.793124+03:00,2025-09-30 21:56:17.793124+03:00
1321.SR,East Pipes Integrated Company for Industry,Tadawul,2021,2021-03-31,,,,,,2025-09-30 21:56:17.793124+03:00,2025-09-30 21:56:17.793124+03:00
1322.SR,Al Masane Al Kobra Mining Company,Tadawul,2024,2024-12-31,780648910.00,288329434.00,177898746.00,316603936.00,101406355.00,2025-09-30 21:51:02.766578+03:00,2025-09-30 21:51:02.766578+03:00
1322.SR,Al Masane Al Kobra Mining Company,Tadawul,2023,2023-12-31,487894683.00,123439804.00,54582956.00,291184903.00,-107533848.00,2025-09-30 21:51:02.766578+03:00,2025-09-30 21:51:02.766578+03:00
1322.SR,Al Masane Al Kobra Mining Company,Tadawul,2022,2022-12-31,582768703.00,208360233.00,126331146.00,139899376.00,-6117827.00,2025-09-30 21:51:02.766578+03:00,2025-09-30 21:51:02.766578+03:00
1322.SR,Al Masane Al Kobra Mining Company,Tadawul,2021,2021-12-31,586653318.00,267697497.00,197264769.00,178501176.00,106424898.00,2025-09-30 21:51:02.766578+03:00,2025-09-30 21:51:02.766578+03:00
1810.SR,Seera Holding Group,Tadawul,2024,2024-12-31,4106428605.00,1767564517.00,-198975107.00,234475745.00,113139144.00,2025-09-30 22:00:58.043597+03:00,2025-09-30 22:00:58.043597+03:00
1810.SR,Seera Holding Group,Tadawul,2023,2023-12-31,3290821152.00,1412161520.00,225708068.00,-736301422.00,-1283851604.00,2025-09-30 22:00:58.043597+03:00,2025-09-30 22:00:58.043597+03:00
1810.SR,Seera Holding Group,Tadawul,2022,2022-12-31,2114376670.00,924139005.00,-47729661.00,-497782892.00,-572761826.00,2025-09-30 22:00:58.043597+03:00,2025-09-30 22:00:58.043597+03:00
1810.SR,Seera Holding Group,Tadawul,2021,2021-12-31,1328451602.00,606897653.00,-371535799.00,-303756008.00,-362585015.00,2025-09-30 22:00:58.043597+03:00,2025-09-30 22:00:58.043597+03:00
1810.SR,Seera Holding Group,Tadawul,2020,2020-12-31,,,,,,2025-09-30 22:00:58.043597+03:00,2025-09-30 22:00:58.043597+03:00
1820.SR,BAAN Holding Group Company,Tadawul,2024,2024-12-31,678696000.00,185079000.00,5200000.00,319446000.00,217137000.00,2025-09-30 22:01:06.936919+03:00,2025-09-30 22:01:06.936919+03:00
1820.SR,BAAN Holding Group Company,Tadawul,2023,2023-12-31,742139000.00,187562000.00,-89819000.00,262241000.00,142207000.00,2025-09-30 22:01:06.936919+03:00,2025-09-30 22:01:06.936919+03:00
1820.SR,BAAN Holding Group Company,Tadawul,2022,2022-12-31,720893000.00,136023000.00,-81488000.00,109223000.00,50286000.00,2025-09-30 22:01:06.936919+03:00,2025-09-30 22:01:06.936919+03:00
1820.SR,BAAN Holding Group Company,Tadawul,2021,2021-12-31,708417000.00,103772000.00,-173715000.00,149276000.00,119010000.00,2025-09-30 22:01:06.936919+03:00,2025-09-30 22:01:06.936919+03:00
1820.SR,BAAN Holding Group Company,Tadawul,2020,2020-12-31,,,,,,2025-09-30 22:01:06.936919+03:00,2025-09-30 22:01:06.936919+03:00
1830.SR,Leejam Sports Company,Tadawul,2024,2024-12-31,1501366256.00,623393041.00,456978822.00,781161307.00,193433591.00,2025-09-30 22:01:33.584125+03:00,2025-09-30 22:01:33.584125+03:00
1830.SR,Leejam Sports Company,Tadawul,2023,2023-12-31,1325407138.00,584548660.00,356244132.00,685965449.00,376883909.00,2025-09-30 22:01:33.584125+03:00,2025-09-30 22:01:33.584125+03:00
1830.SR,Leejam Sports Company,Tadawul,2022,2022-12-31,1065788788.00,433620306.00,254758323.00,673400154.00,494832613.00,2025-09-30 22:01:33.584125+03:00,2025-09-30 22:01:33.584125+03:00
1830.SR,Leejam Sports Company,Tadawul,2021,2021-12-31,885283139.00,373039949.00,206020219.00,438618610.00,231387183.00,2025-09-30 22:01:33.584125+03:00,2025-09-30 22:01:33.584125+03:00
1830.SR,Leejam Sports Company,Tadawul,2020,2020-12-31,,,,,,2025-09-30 22:01:33.584125+03:00,2025-09-30 22:01:33.584125+03:00
1831.SR,Maharah for Human Resources Company,Tadawul,2024,2024-12-31,2235430580.00,258623654.00,127482444.00,71109308.00,32183230.00,2025-09-30 21:59:26.273387+03:00,2025-09-30 21:59:26.273387+03:00
1831.SR,Maharah for Human Resources Company,Tadawul,2023,2023-12-31,1890018520.00,244275313.00,100225936.00,148782049.00,133231712.00,2025-09-30 21:59:26.273387+03:00,2025-09-30 21:59:26.273387+03:00
1831.SR,Maharah for Human Resources Company,Tadawul,2022,2022-12-31,1683594673.00,229218717.00,113462364.00,193905467.00,180166307.00,2025-09-30 21:59:26.273387+03:00,2025-09-30 21:59:26.273387+03:00
1831.SR,Maharah for Human Resources Company,Tadawul,2021,2021-12-31,1318728548.00,219898096.00,144925035.00,27925667.00,15485131.00,2025-09-30 21:59:26.273387+03:00,2025-09-30 21:59:26.273387+03:00
1831.SR,Maharah for Human Resources Company,Tadawul,2020,2020-12-31,,,,,,2025-09-30 21:59:26.273387+03:00,2025-09-30 21:59:26.273387+03:00
1832.SR,Sadr Logistics Company,Tadawul,2024,2024-12-31,111836550.00,24113597.00,-3753257.00,5871969.00,-54425273.00,2025-09-30 21:59:30.612417+03:00,2025-09-30 21:59:30.612417+03:00
1832.SR,Sadr Logistics Company,Tadawul,2023,2023-12-31,104037424.00,18016480.00,-4245445.00,8345026.00,-6368158.00,2025-09-30 21:59:30.612417+03:00,2025-09-30 21:59:30.612417+03:00
1832.SR,Sadr Logistics Company,Tadawul,2022,2022-12-31,110822288.00,15511092.00,-7215933.00,-34611799.00,-69803725.00,2025-09-30 21:59:30.612417+03:00,2025-09-30 21:59:30.612417+03:00
1832.SR,Sadr Logistics Company,Tadawul,2021,2021-12-31,73228811.00,21341761.00,3599087.00,790533.00,-4488160.00,2025-09-30 21:59:30.612417+03:00,2025-09-30 21:59:30.612417+03:00
1832.SR,Sadr Logistics Company,Tadawul,2020,2020-12-31,,,,,,2025-09-30 21:59:30.612417+03:00,2025-09-30 21:59:30.612417+03:00
1833.SR,Almawarid Manpower Company,Tadawul,2024,2024-12-31,2027748327.00,184853360.00,95423397.00,79151526.00,75733087.00,2025-09-30 21:59:43.409773+03:00,2025-09-30 21:59:43.409773+03:00
1833.SR,Almawarid Manpower Company,Tadawul,2023,2023-12-31,1446009817.00,147235066.00,88766985.00,85805123.00,80931163.00,2025-09-30 21:59:43.409773+03:00,2025-09-30 21:59:43.409773+03:00
1833.SR,Almawarid Manpower Company,Tadawul,2022,2022-12-31,944729376.00,129686487.00,75987371.00,66109751.00,62662878.00,2025-09-30 21:59:43.409773+03:00,2025-09-30 21:59:43.409773+03:00
1833.SR,Almawarid Manpower Company,Tadawul,2021,2021-12-31,663723149.00,96859426.00,55660953.00,-19070087.00,-21048627.00,2025-09-30 21:59:43.409773+03:00,2025-09-30 21:59:43.409773+03:00
1834.SR,Saudi Manpower Solutions Company,Tadawul,2024,2024-12-31,1892890092.00,210961736.00,126423825.00,119923759.00,98537385.00,2025-09-30 21:59:48.040454+03:00,2025-09-30 21:59:48.040454+03:00
1834.SR,Saudi Manpower Solutions Company,Tadawul,2023,2023-12-31,1827191275.00,243373120.00,166287356.00,187539833.00,156072915.00,2025-09-30 21:59:48.040454+03:00,2025-09-30 21:59:48.040454+03:00
1835.SR,Tamkeen Human Resources Company,Tadawul,2024,2024-12-31,721634940.00,134558258.00,85508204.00,25747150.00,9335290.00,2025-09-30 21:59:39.125635+03:00,2025-09-30 21:59:39.125635+03:00
1835.SR,Tamkeen Human Resources Company,Tadawul,2023,2023-12-31,495831096.00,104569484.00,59829040.00,41734743.00,27576871.00,2025-09-30 21:59:39.125635+03:00,2025-09-30 21:59:39.125635+03:00
2001.SR,Methanol Chemicals Company,Tadawul,2024,2024-12-31,710521250.00,96216368.00,-286229346.00,-37213635.00,-73760532.00,2025-09-30 21:56:26.608969+03:00,2025-09-30 21:56:26.608969+03:00
2001.SR,Methanol Chemicals Company,Tadawul,2023,2023-12-31,727967409.00,9385704.00,-177800467.00,151665217.00,91971933.00,2025-09-30 21:56:26.608969+03:00,2025-09-30 21:56:26.608969+03:00
2001.SR,Methanol Chemicals Company,Tadawul,2022,2022-12-31,1076824269.00,412194452.00,206428499.00,316247257.00,276276035.00,2025-09-30 21:56:26.608969+03:00,2025-09-30 21:56:26.608969+03:00
2001.SR,Methanol Chemicals Company,Tadawul,2021,2021-12-31,1009548016.00,413065032.00,244004449.00,196920073.00,164426615.00,2025-09-30 21:56:26.608969+03:00,2025-09-30 21:56:26.608969+03:00
2001.SR,Methanol Chemicals Company,Tadawul,2020,2020-12-31,,,,,,2025-09-30 21:56:26.608969+03:00,2025-09-30 21:56:26.608969+03:00
2010.SR,Saudi Basic Industries Corporation,Tadawul,2024,2024-12-31,139980500000.00,25623768000.00,1538542000.00,16358596000.00,6158367000.00,2025-09-30 21:56:31.152500+03:00,2025-09-30 21:56:31.152500+03:00
2010.SR,Saudi Basic Industries Corporation,Tadawul,2023,2023-12-31,141537187000.00,22074082000.00,-2772282000.00,24452920000.00,13959645000.00,2025-09-30 21:56:31.152500+03:00,2025-09-30 21:56:31.152500+03:00
2010.SR,Saudi Basic Industries Corporation,Tadawul,2022,2022-12-31,183076594000.00,41321744000.00,16529722000.00,35810131000.00,25586449000.00,2025-09-30 21:56:31.152500+03:00,2025-09-30 21:56:31.152500+03:00
2010.SR,Saudi Basic Industries Corporation,Tadawul,2021,2021-12-31,174883126000.00,47877130000.00,23066002000.00,39493631000.00,28522169000.00,2025-09-30 21:56:31.152500+03:00,2025-09-30 21:56:31.152500+03:00
2010.SR,Saudi Basic Industries Corporation,Tadawul,2020,2020-12-31,,,,,,2025-09-30 21:56:31.152500+03:00,2025-09-30 21:56:31.152500+03:00
2020.SR,SABIC Agri-Nutrients Company,Tadawul,2024,2024-12-31,11061291000.00,4075699000.00,3327172000.00,4110794000.00,3336048000.00,2025-09-30 21:56:35.523294+03:00,2025-09-30 21:56:35.523294+03:00
2020.SR,SABIC Agri-Nutrients Company,Tadawul,2023,2023-12-31,11033429000.00,4597631000.00,3659449000.00,5679990000.00,4789551000.00,2025-09-30 21:56:35.523294+03:00,2025-09-30 21:56:35.523294+03:00
2020.SR,SABIC Agri-Nutrients Company,Tadawul,2022,2022-12-31,18980830000.00,11186852000.00,10036764000.00,11605931000.00,10808850000.00,2025-09-30 21:56:35.523294+03:00,2025-09-30 21:56:35.523294+03:00
2020.SR,SABIC Agri-Nutrients Company,Tadawul,2021,2021-12-31,9591975000.00,6506590000.00,5228016000.00,5118854000.00,4454282000.00,2025-09-30 21:56:35.523294+03:00,2025-09-30 21:56:35.523294+03:00
2020.SR,SABIC Agri-Nutrients Company,Tadawul,2020,2020-12-31,,,,,,2025-09-30 21:56:35.523294+03:00,2025-09-30 21:56:35.523294+03:00
2030.SR,Saudi Arabian Refineries Company,Tadawul,2024,2024-12-31,9629810.00,,-53487697.00,5151121.00,5132348.00,2025-09-30 21:50:45.394819+03:00,2025-09-30 21:50:45.394819+03:00
2030.SR,Saudi Arabian Refineries Company,Tadawul,2023,2023-12-31,15362270.00,,7701643.00,893591.00,876936.00,2025-09-30 21:50:45.394819+03:00,2025-09-30 21:50:45.394819+03:00
2030.SR,Saudi Arabian Refineries Company,Tadawul,2022,2022-12-31,34478958.00,,28230062.00,31089169.00,31079606.00,2025-09-30 21:50:45.394819+03:00,2025-09-30 21:50:45.394819+03:00
2030.SR,Saudi Arabian Refineries Company,Tadawul,2021,2021-12-31,8099667.00,,6592233.00,8300395.00,8212474.00,2025-09-30 21:50:45.394819+03:00,2025-09-30 21:50:45.394819+03:00
2040.SR,Saudi Ceramic Company,Tadawul,2024,2024-12-31,1348797000.00,253744000.00,-71859000.00,312791000.00,103114000.00,2025-09-30 21:58:55.441184+03:00,2025-09-30 21:58:55.441184+03:00
2040.SR,Saudi Ceramic Company,Tadawul,2023,2023-12-31,1314868000.00,237323000.00,-210351000.00,133042000.00,-130321000.00,2025-09-30 21:58:55.441184+03:00,2025-09-30 21:58:55.441184+03:00
2040.SR,Saudi Ceramic Company,Tadawul,2022,2022-12-31,1484958000.00,452342000.00,173920000.00,189520000.00,101110000.00,2025-09-30 21:58:55.441184+03:00,2025-09-30 21:58:55.441184+03:00
2040.SR,Saudi Ceramic Company,Tadawul,2021,2021-12-31,1534770000.00,528261000.00,233792000.00,362707000.00,226788000.00,2025-09-30 21:58:55.441184+03:00,2025-09-30 21:58:55.441184+03:00
2040.SR,Saudi Ceramic Company,Tadawul,2020,2020-12-31,,,,,,2025-09-30 21:58:55.441184+03:00,2025-09-30 21:58:55.441184+03:00
2050.SR,Savola Group Company,Tadawul,2024,2024-12-31,23986655000.00,4957019000.00,9974266000.00,1139893000.00,365514000.00,2025-09-30 22:19:13.354893+03:00,2025-09-30 22:19:13.354893+03:00
2050.SR,Savola Group Company,Tadawul,2023,2023-12-31,24149521000.00,5045839000.00,899185000.00,1539364000.00,629136000.00,2025-09-30 22:19:13.354893+03:00,2025-09-30 22:19:13.354893+03:00
2050.SR,Savola Group Company,Tadawul,2022,2022-12-31,28054703000.00,4874081000.00,742752000.00,1029420000.00,166053000.00,2025-09-30 22:19:13.354893+03:00,2025-09-30 22:19:13.354893+03:00
2050.SR,Savola Group Company,Tadawul,2021,2021-12-31,24669163000.00,4478714000.00,221879000.00,864387000.00,385695000.00,2025-09-30 22:19:13.354893+03:00,2025-09-30 22:19:13.354893+03:00
2060.SR,National Industrialization Company,Tadawul,2024,2024-12-31,3900664000.00,225915000.00,102802000.00,-70313000.00,-262265000.00,2025-09-30 21:56:39.865056+03:00,2025-09-30 21:56:39.865056+03:00
2060.SR,National Industrialization Company,Tadawul,2023,2023-12-31,3566959000.00,364476000.00,201628000.00,149600000.00,73659000.00,2025-09-30 21:56:39.865056+03:00,2025-09-30 21:56:39.865056+03:00
2060.SR,National Industrialization Company,Tadawul,2022,2022-12-31,3882862000.00,864289000.00,666346000.00,804011000.00,637147000.00,2025-09-30 21:56:39.865056+03:00,2025-09-30 21:56:39.865056+03:00
2060.SR,National Industrialization Company,Tadawul,2021,2021-12-31,3673085000.00,987004000.00,1356388000.00,844848000.00,787029000.00,2025-09-30 21:56:39.865056+03:00,2025-09-30 21:56:39.865056+03:00
2060.SR,National Industrialization Company,Tadawul,2020,2020-12-31,,,,,,2025-09-30 21:56:39.865056+03:00,2025-09-30 21:56:39.865056+03:00
2070.SR,Saudi Pharmaceutical Industries and Medical Appliances Corporation,Tadawul,2024,2024-12-31,1682000000.00,837030000.00,24535000.00,-330956000.00,-433234000.00,2025-09-30 22:20:34.376524+03:00,2025-09-30 22:20:34.376524+03:00
2070.SR,Saudi Pharmaceutical Industries and Medical Appliances Corporation,Tadawul,2023,2023-12-31,1655441000.00,703127000.00,-50728000.00,10873000.00,-101856000.00,2025-09-30 22:20:34.376524+03:00,2025-09-30 22:20:34.376524+03:00
2070.SR,Saudi Pharmaceutical Industries and Medical Appliances Corporation,Tadawul,2022,2022-12-31,1421810000.00,566997000.00,-165135000.00,-99297000.00,-177508000.00,2025-09-30 22:20:34.376524+03:00,2025-09-30 22:20:34.376524+03:00
2070.SR,Saudi Pharmaceutical Industries and Medical Appliances Corporation,Tadawul,2021,2021-12-31,1459783969.00,620705053.00,26454090.00,86712689.00,2834162.00,2025-09-30 22:20:34.376524+03:00,2025-09-30 22:20:34.376524+03:00
2070.SR,Saudi Pharmaceutical Industries and Medical Appliances Corporation,Tadawul,2020,2020-12-31,,,,,,2025-09-30 22:20:34.376524+03:00,2025-09-30 22:20:34.376524+03:00
2080.SR,National Gas and Industrialization Company,Tadawul,2024,2024-12-31,2862203136.00,354438189.00,248749238.00,194097339.00,-30818178.00,2025-09-30 22:24:26.776456+03:00,2025-09-30 22:24:26.776456+03:00
2080.SR,National Gas and Industrialization Company,Tadawul,2023,2023-12-31,2450972069.00,297877365.00,227315243.00,184600783.00,25430918.00,2025-09-30 22:24:26.776456+03:00,2025-09-30 22:24:26.776456+03:00
2080.SR,National Gas and Industrialization Company,Tadawul,2022,2022-12-31,2063624993.00,262045382.00,214063523.00,392882058.00,207350684.00,2025-09-30 22:24:26.776456+03:00,2025-09-30 22:24:26.776456+03:00
2080.SR,National Gas and Industrialization Company,Tadawul,2021,2021-12-31,1901773848.00,252304736.00,201364232.00,130080022.00,-45421164.00,2025-09-30 22:24:26.776456+03:00,2025-09-30 22:24:26.776456+03:00
2080.SR,National Gas and Industrialization Company,Tadawul,2020,2020-12-31,,,,,,2025-09-30 22:24:26.776456+03:00,2025-09-30 22:24:26.776456+03:00
2081.SR,Alkhorayef Water and Power Technologies Company,Tadawul,2024,2024-12-31,1952145192.00,384324288.00,230002219.00,195411634.00,103843605.00,2025-09-30 22:24:35.562281+03:00,2025-09-30 22:24:35.562281+03:00
2081.SR,Alkhorayef Water and Power Technologies Company,Tadawul,2023,2023-12-31,1679811258.00,264084621.00,140021598.00,3710994.00,-50116714.00,2025-09-30 22:24:35.562281+03:00,2025-09-30 22:24:35.562281+03:00
2081.SR,Alkhorayef Water and Power Technologies Company,Tadawul,2022,2022-12-31,822032855.00,187116295.00,107441177.00,31891362.00,-156508768.00,2025-09-30 22:24:35.562281+03:00,2025-09-30 22:24:35.562281+03:00
2081.SR,Alkhorayef Water and Power Technologies Company,Tadawul,2021,2021-12-31,569038542.00,151458765.00,103325408.00,-8816527.00,-106584427.00,2025-09-30 22:24:35.562281+03:00,2025-09-30 22:24:35.562281+03:00
2081.SR,Alkhorayef Water and Power Technologies Company,Tadawul,2020,2020-12-31,,,,,,2025-09-30 22:24:35.562281+03:00,2025-09-30 22:24:35.562281+03:00
2082.SR,ACWA Power Company,Tadawul,2024,2024-12-31,6297298000.00,3330590000.00,1757057000.00,3473535000.00,-900592000.00,2025-09-30 22:24:39.879666+03:00,2025-09-30 22:24:39.879666+03:00
2082.SR,ACWA Power Company,Tadawul,2023,2023-12-31,6095010000.00,3495180000.00,1661714000.00,3344899000.00,-337109000.00,2025-09-30 22:24:39.879666+03:00,2025-09-30 22:24:39.879666+03:00
2082.SR,ACWA Power Company,Tadawul,2022,2022-12-31,5275930000.00,2865348000.00,1540035000.00,2911367000.00,1348497000.00,2025-09-30 22:24:39.879666+03:00,2025-09-30 22:24:39.879666+03:00
2082.SR,ACWA Power Company,Tadawul,2021,2021-12-31,5235393000.00,2851716000.00,758798000.00,3201179000.00,1149157000.00,2025-09-30 22:24:39.879666+03:00,2025-09-30 22:24:39.879666+03:00
2082.SR,ACWA Power Company,Tadawul,2020,2020-12-31,,,,,,2025-09-30 22:24:39.879666+03:00,2025-09-30 22:24:39.879666+03:00
2083.SR,Power and Water Utility Company for Jubail and Yanbu,Tadawul,2024,2024-12-31,6883210000.00,1522639000.00,17152000.00,2380846000.00,1849251000.00,2025-09-30 22:24:44.184293+03:00,2025-09-30 22:24:44.184293+03:00
2083.SR,Power and Water Utility Company for Jubail and Yanbu,Tadawul,2023,2023-12-31,6383334000.00,1712142000.00,587002000.00,2328498000.00,1680861000.00,2025-09-30 22:24:44.184293+03:00,2025-09-30 22:24:44.184293+03:00
2083.SR,Power and Water Utility Company for Jubail and Yanbu,Tadawul,2022,2022-12-31,6505093000.00,1148195000.00,845650000.00,2144696000.00,1390746000.00,2025-09-30 22:24:44.184293+03:00,2025-09-30 22:24:44.184293+03:00
2083.SR,Power and Water Utility Company for Jubail and Yanbu,Tadawul,2021,2021-12-31,6192287000.00,1005285000.00,631999000.00,2230013000.00,1443562000.00,2025-09-30 22:24:44.184293+03:00,2025-09-30 22:24:44.184293+03:00
2084.SR,Miahona Company Limited,Tadawul,2024,2024-12-31,385089058.00,92764092.00,40726824.00,138205461.00,121407642.00,2025-09-30 22:24:48.491666+03:00,2025-09-30 22:24:48.491666+03:00
2084.SR,Miahona Company Limited,Tadawul,2023,2023-12-31,324462898.00,90948097.00,56718308.00,113207840.00,84792043.00,2025-09-30 22:24:48.491666+03:00,2025-09-30 22:24:48.491666+03:00
2090.SR,National Gypsum Company,Tadawul,2024,2024-12-31,63322248.00,7283715.00,-12693428.00,11800379.00,-33048780.00,2025-09-30 21:55:47.029321+03:00,2025-09-30 21:55:47.029321+03:00
2090.SR,National Gypsum Company,Tadawul,2023,2023-12-31,51892213.00,8603299.00,5127534.00,-9582328.00,-11302207.00,2025-09-30 21:55:47.029321+03:00,2025-09-30 21:55:47.029321+03:00
2090.SR,National Gypsum Company,Tadawul,2022,2022-12-31,54737007.00,7726357.00,-6442845.00,-5140667.00,-5863338.00,2025-09-30 21:55:47.029321+03:00,2025-09-30 21:55:47.029321+03:00
2090.SR,National Gypsum Company,Tadawul,2021,2021-12-31,85559036.00,34241341.00,20759125.00,15097844.00,12977853.00,2025-09-30 21:55:47.029321+03:00,2025-09-30 21:55:47.029321+03:00
2100.SR,Wafrah for Industry and Development Company,Tadawul,2024,2024-12-31,161618639.00,50847946.00,5039973.00,-17576215.00,-32459825.00,2025-09-30 22:19:17.830542+03:00,2025-09-30 22:19:17.830542+03:00
2100.SR,Wafrah for Industry and Development Company,Tadawul,2023,2023-12-31,161631423.00,50205455.00,20963599.00,17535311.00,-61995762.00,2025-09-30 22:19:17.830542+03:00,2025-09-30 22:19:17.830542+03:00
2100.SR,Wafrah for Industry and Development Company,Tadawul,2022,2022-12-31,130516485.00,43962854.00,13817123.00,-40858625.00,-41877405.00,2025-09-30 22:19:17.830542+03:00,2025-09-30 22:19:17.830542+03:00
2100.SR,Wafrah for Industry and Development Company,Tadawul,2021,2021-12-31,64967601.00,11492714.00,-10930587.00,210041.00,-1045426.00,2025-09-30 22:19:17.830542+03:00,2025-09-30 22:19:17.830542+03:00
2100.SR,Wafrah for Industry and Development Company,Tadawul,2020,2020-12-31,,,,,,2025-09-30 22:19:17.830542+03:00,2025-09-30 22:19:17.830542+03:00
2110.SR,Saudi Cable Company,Tadawul,2024,2024-12-31,44079000.00,-18922000.00,48758000.00,-13613000.00,-14797000.00,2025-09-30 21:58:51.117084+03:00,2025-09-30 21:58:51.117084+03:00
2110.SR,Saudi Cable Company,Tadawul,2023,2023-12-31,30678000.00,-68163000.00,17804000.00,-29378000.00,-30143000.00,2025-09-30 21:58:51.117084+03:00,2025-09-30 21:58:51.117084+03:00
2110.SR,Saudi Cable Company,Tadawul,2022,2022-12-31,68368000.00,-84731000.00,-580476000.00,-54131000.00,-54848000.00,2025-09-30 21:58:51.117084+03:00,2025-09-30 21:58:51.117084+03:00
2110.SR,Saudi Cable Company,Tadawul,2021,2021-12-31,160553000.00,-76625000.00,-194309000.00,36771000.00,33408000.00,2025-09-30 21:58:51.117084+03:00,2025-09-30 21:58:51.117084+03:00
2120.SR,Saudi Advanced Industries Company,Tadawul,2024,2024-12-31,342437508.00,,295063946.00,99841229.00,82286789.00,2025-09-30 22:22:01.514105+03:00,2025-09-30 22:22:01.514105+03:00
2120.SR,Saudi Advanced Industries Company,Tadawul,2023,2023-12-31,180154806.00,,148799189.00,-209723869.00,-210581820.00,2025-09-30 22:22:01.514105+03:00,2025-09-30 22:22:01.514105+03:00
2120.SR,Saudi Advanced Industries Company,Tadawul,2022,2022-12-31,116047600.00,116047600.00,100207371.00,-3907930.00,-4078959.00,2025-09-30 22:22:01.514105+03:00,2025-09-30 22:22:01.514105+03:00
2120.SR,Saudi Advanced Industries Company,Tadawul,2021,2021-12-31,101475095.00,101475095.00,91133066.00,-2289062.00,-2370780.00,2025-09-30 22:22:01.514105+03:00,2025-09-30 22:22:01.514105+03:00
2120.SR,Saudi Advanced Industries Company,Tadawul,2020,2020-12-31,,36777041.00,,,,2025-09-30 22:22:01.514105+03:00,2025-09-30 22:22:01.514105+03:00
2130.SR,Saudi Industrial Development Co.,Tadawul,2024,2024-12-31,137669966.00,30577672.00,-16905612.00,-26606539.00,-29599302.00,2025-09-30 22:00:44.843416+03:00,2025-09-30 22:00:44.843416+03:00
2130.SR,Saudi Industrial Development Co.,Tadawul,2023,2023-12-31,150945257.00,28780613.00,-74439441.00,-10800381.00,-15393398.00,2025-09-30 22:00:44.843416+03:00,2025-09-30 22:00:44.843416+03:00
2130.SR,Saudi Industrial Development Co.,Tadawul,2022,2022-12-31,155347238.00,22064195.00,-38772314.00,-11747534.00,-14261659.00,2025-09-30 22:00:44.843416+03:00,2025-09-30 22:00:44.843416+03:00
2130.SR,Saudi Industrial Development Co.,Tadawul,2021,2021-12-31,163078518.00,26808217.00,-24495507.00,887946.00,-3301420.00,2025-09-30 22:00:44.843416+03:00,2025-09-30 22:00:44.843416+03:00
2130.SR,Saudi Industrial Development Co.,Tadawul,2020,2020-12-31,,,,,,2025-09-30 22:00:44.843416+03:00,2025-09-30 22:00:44.843416+03:00
2140.SR,Ayyan Investment Company,Tadawul,2024,2024-12-31,15438429.00,2449804.00,-164408943.00,-187104586.00,-231405547.00,2025-09-30 22:19:40.050195+03:00,2025-09-30 22:19:40.050195+03:00
2140.SR,Ayyan Investment Company,Tadawul,2023,2023-12-31,20085153.00,3662937.00,-216250945.00,-35831460.00,-77380084.00,2025-09-30 22:19:40.050195+03:00,2025-09-30 22:19:40.050195+03:00
2140.SR,Ayyan Investment Company,Tadawul,2022,2022-12-31,266226780.00,16833157.00,-44767736.00,-40266040.00,-187164705.00,2025-09-30 22:19:40.050195+03:00,2025-09-30 22:19:40.050195+03:00
2140.SR,Ayyan Investment Company,Tadawul,2021,2021-12-31,269562709.00,64551981.00,4294315.00,47632040.00,-129115498.00,2025-09-30 22:19:40.050195+03:00,2025-09-30 22:19:40.050195+03:00
2140.SR,Ayyan Investment Company,Tadawul,2020,2020-12-31,,,,,,2025-09-30 22:19:40.050195+03:00,2025-09-30 22:19:40.050195+03:00
2150.SR,The National Company for Glass Industries,Tadawul,2024,2024-12-31,138930443.00,33981113.00,96831561.00,43517926.00,-22610235.00,2025-09-30 21:51:11.355871+03:00,2025-09-30 21:51:11.355871+03:00
2150.SR,The National Company for Glass Industries,Tadawul,2023,2023-12-31,153919955.00,35194418.00,47878843.00,40791542.00,29149564.00,2025-09-30 21:51:11.355871+03:00,2025-09-30 21:51:11.355871+03:00
2150.SR,The National Company for Glass Industries,Tadawul,2022,2022-12-31,112317021.00,3433114.00,104330993.00,6228299.00,-735811.00,2025-09-30 21:51:11.355871+03:00,2025-09-30 21:51:11.355871+03:00
2150.SR,The National Company for Glass Industries,Tadawul,2021,2021-12-31,86933383.00,2792446.00,51114630.00,1045549.00,-8046643.00,2025-09-30 21:51:11.355871+03:00,2025-09-30 21:51:11.355871+03:00
2150.SR,The National Company for Glass Industries,Tadawul,2020,2020-12-31,,,,,,2025-09-30 21:51:11.355871+03:00,2025-09-30 21:51:11.355871+03:00
2160.SR,The Saudi Arabian Amiantit Company,Tadawul,2024,2024-12-31,848298000.00,9467000.00,439836000.00,-20599000.00,-36414000.00,2025-09-30 21:58:46.801000+03:00,2025-09-30 21:58:46.801000+03:00
2160.SR,The Saudi Arabian Amiantit Company,Tadawul,2023,2023-12-31,718962000.00,88753000.00,-174656000.00,42231000.00,38567000.00,2025-09-30 21:58:46.801000+03:00,2025-09-30 21:58:46.801000+03:00
2160.SR,The Saudi Arabian Amiantit Company,Tadawul,2022,2022-12-31,508817000.00,55609000.00,-8781000.00,-41768000.00,-45459000.00,2025-09-30 21:58:46.801000+03:00,2025-09-30 21:58:46.801000+03:00
2160.SR,The Saudi Arabian Amiantit Company,Tadawul,2021,2021-12-31,438911000.00,-76541000.00,-171317000.00,21499000.00,19719000.00,2025-09-30 21:58:46.801000+03:00,2025-09-30 21:58:46.801000+03:00
2160.SR,The Saudi Arabian Amiantit Company,Tadawul,2020,2020-12-31,,,,,,2025-09-30 21:58:46.801000+03:00,2025-09-30 21:58:46.801000+03:00
2170.SR,Alujain Corporation,Tadawul,2024,2024-12-31,1555330000.00,229958000.00,-50703000.00,197560000.00,-399722000.00,2025-09-30 21:56:44.355027+03:00,2025-09-30 21:56:44.355027+03:00
2170.SR,Alujain Corporation,Tadawul,2023,2023-12-31,1396733000.00,232847000.00,-82245000.00,416847000.00,225198000.00,2025-09-30 21:56:44.355027+03:00,2025-09-30 21:56:44.355027+03:00
2170.SR,Alujain Corporation,Tadawul,2022,2022-12-31,1911180000.00,403687000.00,64543000.00,355048000.00,222588000.00,2025-09-30 21:56:44.355027+03:00,2025-09-30 21:56:44.355027+03:00
2170.SR,Alujain Corporation,Tadawul,2021,2021-12-31,519298000.00,119086000.00,1622307000.00,81141000.00,61178000.00,2025-09-30 21:56:44.355027+03:00,2025-09-30 21:56:44.355027+03:00
2170.SR,Alujain Corporation,Tadawul,2020,2020-12-31,,,,,,2025-09-30 21:56:44.355027+03:00,2025-09-30 21:56:44.355027+03:00
2180.SR,Filling and Packing Materials Manufacturing Company,Tadawul,2024,2024-12-31,245679984.00,42884203.00,930509.00,7590547.00,4379190.00,2025-09-30 21:51:15.628349+03:00,2025-09-30 21:51:15.628349+03:00
2180.SR,Filling and Packing Materials Manufacturing Company,Tadawul,2023,2023-12-31,258194159.00,50328720.00,11989910.00,24273007.00,22692105.00,2025-09-30 21:51:15.628349+03:00,2025-09-30 21:51:15.628349+03:00
2180.SR,Filling and Packing Materials Manufacturing Company,Tadawul,2022,2022-12-31,260654273.00,42203036.00,9795159.00,27233137.00,18429922.00,2025-09-30 21:51:15.628349+03:00,2025-09-30 21:51:15.628349+03:00
2180.SR,Filling and Packing Materials Manufacturing Company,Tadawul,2021,2021-12-31,222590032.00,28984983.00,-9063067.00,-8626980.00,-16644100.00,2025-09-30 21:51:15.628349+03:00,2025-09-30 21:51:15.628349+03:00
2180.SR,Filling and Packing Materials Manufacturing Company,Tadawul,2020,2020-12-31,,,,,,2025-09-30 21:51:15.628349+03:00,2025-09-30 21:51:15.628349+03:00
2190.SR,Sustained Infrastructure Holding Company,Tadawul,2024,2024-12-31,1320957294.00,641353654.00,-741877.00,185760878.00,51726533.00,2025-09-30 22:00:22.957587+03:00,2025-09-30 22:00:22.957587+03:00
2190.SR,Sustained Infrastructure Holding Company,Tadawul,2023,2023-12-31,1603429121.00,538134383.00,71203083.00,452552347.00,-219749120.00,2025-09-30 22:00:22.957587+03:00,2025-09-30 22:00:22.957587+03:00
2190.SR,Sustained Infrastructure Holding Company,Tadawul,2022,2022-12-31,993837003.00,416150445.00,36729508.00,213215691.00,-50493383.00,2025-09-30 22:00:22.957587+03:00,2025-09-30 22:00:22.957587+03:00
2190.SR,Sustained Infrastructure Holding Company,Tadawul,2021,2021-12-31,985408218.00,446471874.00,57878318.00,236271724.00,126774359.00,2025-09-30 22:00:22.957587+03:00,2025-09-30 22:00:22.957587+03:00
2200.SR,Arabian Pipes Company,Tadawul,2024,2024-12-31,1138273000.00,283190000.00,168177000.00,95888000.00,82569000.00,2025-09-30 21:55:51.394785+03:00,2025-09-30 21:55:51.394785+03:00
2200.SR,Arabian Pipes Company,Tadawul,2023,2023-12-31,1089133000.00,237273000.00,132105000.00,-4500000.00,-17387000.00,2025-09-30 21:55:51.394785+03:00,2025-09-30 21:55:51.394785+03:00
2200.SR,Arabian Pipes Company,Tadawul,2022,2022-12-31,479048000.00,30034000.00,-10488000.00,-51907000.00,-54403000.00,2025-09-30 21:55:51.394785+03:00,2025-09-30 21:55:51.394785+03:00
2200.SR,Arabian Pipes Company,Tadawul,2021,2021-12-31,388697000.00,16237000.00,-60116000.00,318944000.00,301031000.00,2025-09-30 21:55:51.394785+03:00,2025-09-30 21:55:51.394785+03:00
2200.SR,Arabian Pipes Company,Tadawul,2020,2020-12-31,,,,,,2025-09-30 21:55:51.394785+03:00,2025-09-30 21:55:51.394785+03:00
2210.SR,Nama Chemicals Company,Tadawul,2024,2024-12-31,380301000.00,-65597000.00,11719000.00,-33844000.00,-46494000.00,2025-09-30 21:56:48.657222+03:00,2025-09-30 21:56:48.657222+03:00
2210.SR,Nama Chemicals Company,Tadawul,2023,2023-12-31,445246000.00,-44898000.00,-156885000.00,-24548000.00,-34616000.00,2025-09-30 21:56:48.657222+03:00,2025-09-30 21:56:48.657222+03:00
2210.SR,Nama Chemicals Company,Tadawul,2022,2022-12-31,577211000.00,120939000.00,37016000.00,64499000.00,56125000.00,2025-09-30 21:56:48.657222+03:00,2025-09-30 21:56:48.657222+03:00
2210.SR,Nama Chemicals Company,Tadawul,2021,2021-12-31,554277000.00,99677000.00,27689000.00,93788000.00,77797000.00,2025-09-30 21:56:48.657222+03:00,2025-09-30 21:56:48.657222+03:00
2210.SR,Nama Chemicals Company,Tadawul,2020,2020-12-31,,,,,,2025-09-30 21:56:48.657222+03:00,2025-09-30 21:56:48.657222+03:00
2220.SR,National Metal Manufacturing and Casting Co.,Tadawul,2024,2024-12-31,244497759.00,10470555.00,-40296356.00,-3583324.00,-20350692.00,2025-09-30 21:55:20.496544+03:00,2025-09-30 21:55:20.496544+03:00
2220.SR,National Metal Manufacturing and Casting Co.,Tadawul,2023,2023-12-31,217269795.00,9514667.00,-31470394.00,7519808.00,-18213480.00,2025-09-30 21:55:20.496544+03:00,2025-09-30 21:55:20.496544+03:00
2220.SR,National Metal Manufacturing and Casting Co.,Tadawul,2022,2022-12-31,257631441.00,-875399.00,-38997304.00,-21990965.00,-38341494.00,2025-09-30 21:55:20.496544+03:00,2025-09-30 21:55:20.496544+03:00
2220.SR,National Metal Manufacturing and Casting Co.,Tadawul,2021,2021-12-31,227017605.00,13231718.00,-29130080.00,28534922.00,25900099.00,2025-09-30 21:55:20.496544+03:00,2025-09-30 21:55:20.496544+03:00
2220.SR,National Metal Manufacturing and Casting Co.,Tadawul,2020,2020-12-31,,,,,,2025-09-30 21:55:20.496544+03:00,2025-09-30 21:55:20.496544+03:00
2222.SR,Saudi Arabian Oil Company,Tadawul,2024,2024-12-31,1801674000000.00,878228000000.00,393891000000.00,508888000000.00,319998000000.00,2025-09-30 20:37:29.568083+03:00,2025-09-30 20:37:29.568083+03:00
2222.SR,Saudi Arabian Oil Company,Tadawul,2023,2023-12-31,1856373000000.00,959790000000.00,452753000000.00,537814000000.00,379506000000.00,2025-09-30 20:37:29.568083+03:00,2025-09-30 20:37:29.568083+03:00
2222.SR,Saudi Arabian Oil Company,Tadawul,2022,2022-12-31,2266373000000.00,1582153000000.00,597215000000.00,698152000000.00,556991000000.00,2025-09-30 20:37:29.568083+03:00,2025-09-30 20:37:29.568083+03:00
2222.SR,Saudi Arabian Oil Company,Tadawul,2021,2021-12-31,1501758000000.00,842572000000.00,395203000000.00,522601000000.00,402956000000.00,2025-09-30 20:37:29.568083+03:00,2025-09-30 20:37:29.568083+03:00
2222.SR,Saudi Arabian Oil Company,Tadawul,2020,2020-12-31,,,,,,2025-09-30 20:37:29.568083+03:00,2025-09-30 20:37:29.568083+03:00
2223.SR,Saudi Aramco Base Oil Company - Luberef,Tadawul,2024,2024-12-31,10035854000.00,1335625000.00,972028000.00,1808476000.00,1605660000.00,2025-09-30 21:56:22.106624+03:00,2025-09-30 21:56:22.106624+03:00
2223.SR,Saudi Aramco Base Oil Company - Luberef,Tadawul,2023,2023-12-31,9488679000.00,1858369000.00,1509612000.00,2321626000.00,2108282000.00,2025-09-30 21:56:22.106624+03:00,2025-09-30 21:56:22.106624+03:00
2223.SR,Saudi Aramco Base Oil Company - Luberef,Tadawul,2022,2022-12-31,10613892000.00,2433686000.00,1978080000.00,2016864000.00,1968927000.00,2025-09-30 21:56:22.106624+03:00,2025-09-30 21:56:22.106624+03:00
2223.SR,Saudi Aramco Base Oil Company - Luberef,Tadawul,2021,2021-12-31,8846726837.00,2041776628.00,1502515031.00,1814633925.00,1733827881.00,2025-09-30 21:56:22.106624+03:00,2025-09-30 21:56:22.106624+03:00
2230.SR,Saudi Chemical Holding Company,Tadawul,2024,2024-12-31,6375284000.00,875183000.00,291241000.00,-260150000.00,-286925000.00,2025-09-30 22:19:44.751507+03:00,2025-09-30 22:19:44.751507+03:00
2230.SR,Saudi Chemical Holding Company,Tadawul,2023,2023-12-31,4854848000.00,672661000.00,182886000.00,433023000.00,355909000.00,2025-09-30 22:19:44.751507+03:00,2025-09-30 22:19:44.751507+03:00
2230.SR,Saudi Chemical Holding Company,Tadawul,2022,2022-12-31,3695868000.00,487655000.00,80223000.00,707148000.00,447090000.00,2025-09-30 22:19:44.751507+03:00,2025-09-30 22:19:44.751507+03:00
2230.SR,Saudi Chemical Holding Company,Tadawul,2021,2021-12-31,3410980000.00,431901000.00,69570000.00,26484000.00,-178756000.00,2025-09-30 22:19:44.751507+03:00,2025-09-30 22:19:44.751507+03:00
2230.SR,Saudi Chemical Holding Company,Tadawul,2020,2020-12-31,,,,,,2025-09-30 22:19:44.751507+03:00,2025-09-30 22:19:44.751507+03:00
2240.SR,Zamil Industrial Investment Company,Tadawul,2024,2024-12-31,6090496000.00,1058652000.00,26805000.00,278208000.00,161862000.00,2025-09-30 21:55:55.756469+03:00,2025-09-30 21:55:55.756469+03:00
2240.SR,Zamil Industrial Investment Company,Tadawul,2023,2023-12-31,4684427000.00,572235000.00,-297843000.00,856013000.00,775214000.00,2025-09-30 21:55:55.756469+03:00,2025-09-30 21:55:55.756469+03:00
2240.SR,Zamil Industrial Investment Company,Tadawul,2022,2022-12-31,3926186000.00,551428000.00,-178069000.00,-294026000.00,-325053000.00,2025-09-30 21:55:55.756469+03:00,2025-09-30 21:55:55.756469+03:00
2240.SR,Zamil Industrial Investment Company,Tadawul,2021,2021-12-31,3523817000.00,487432000.00,-159417000.00,56778000.00,3449000.00,2025-09-30 21:55:55.756469+03:00,2025-09-30 21:55:55.756469+03:00
2240.SR,Zamil Industrial Investment Company,Tadawul,2020,2020-12-31,,,,,,2025-09-30 21:55:55.756469+03:00,2025-09-30 21:55:55.756469+03:00
2250.SR,Saudi Industrial Investment Group,Tadawul,2024,2024-12-31,0.00,,201243000.00,779813000.00,779204000.00,2025-09-30 21:56:53.349929+03:00,2025-09-30 21:56:53.349929+03:00
2250.SR,Saudi Industrial Investment Group,Tadawul,2023,2023-12-31,0.00,,112201000.00,43621000.00,42879000.00,2025-09-30 21:56:53.349929+03:00,2025-09-30 21:56:53.349929+03:00
2250.SR,Saudi Industrial Investment Group,Tadawul,2022,2022-12-31,0.00,,277440000.00,473458000.00,472585000.00,2025-09-30 21:56:53.349929+03:00,2025-09-30 21:56:53.349929+03:00
2250.SR,Saudi Industrial Investment Group,Tadawul,2021,2021-12-31,0.00,,1136272000.00,218521000.00,217627000.00,2025-09-30 21:56:53.349929+03:00,2025-09-30 21:56:53.349929+03:00
2250.SR,Saudi Industrial Investment Group,Tadawul,2020,2020-12-31,,943505000.00,,,,2025-09-30 21:56:53.349929+03:00,2025-09-30 21:56:53.349929+03:00
2270.SR,Saudia Dairy & Foodstuff Company,Tadawul,2024,2024-12-31,2962882000.00,1058567000.00,483687000.00,470435000.00,263255000.00,2025-09-30 22:19:22.256772+03:00,2025-09-30 22:19:22.256772+03:00
2270.SR,Saudia Dairy & Foodstuff Company,Tadawul,2023,2023-03-31,2648013000.00,822709000.00,308771000.00,383922000.00,288110000.00,2025-09-30 22:19:22.256772+03:00,2025-09-30 22:19:22.256772+03:00
2270.SR,Saudia Dairy & Foodstuff Company,Tadawul,2022,2022-03-31,2170327000.00,656630000.00,207291000.00,289826000.00,122951000.00,2025-09-30 22:19:22.256772+03:00,2025-09-30 22:19:22.256772+03:00
2270.SR,Saudia Dairy & Foodstuff Company,Tadawul,2021,2021-03-31,2105398000.00,693826000.00,260553000.00,414615000.00,262186000.00,2025-09-30 22:19:22.256772+03:00,2025-09-30 22:19:22.256772+03:00
2280.SR,Almarai Company,Tadawul,2024,2024-12-31,20979512000.00,6384350000.00,2313100000.00,6028482000.00,1133573000.00,2025-09-30 22:19:26.834994+03:00,2025-09-30 22:19:26.834994+03:00
2280.SR,Almarai Company,Tadawul,2023,2023-12-31,19575585000.00,5667780000.00,2049123000.00,4482626000.00,856956000.00,2025-09-30 22:19:26.834994+03:00,2025-09-30 22:19:26.834994+03:00
2280.SR,Almarai Company,Tadawul,2022,2022-12-31,18722258000.00,5289152000.00,1759812000.00,3829649000.00,1606366000.00,2025-09-30 22:19:26.834994+03:00,2025-09-30 22:19:26.834994+03:00
2280.SR,Almarai Company,Tadawul,2021,2021-12-31,15849720000.00,4787167000.00,1563543000.00,4915005000.00,2728551000.00,2025-09-30 22:19:26.834994+03:00,2025-09-30 22:19:26.834994+03:00
2280.SR,Almarai Company,Tadawul,2020,2020-12-31,,,,,,2025-09-30 22:19:26.834994+03:00,2025-09-30 22:19:26.834994+03:00
2281.SR,Tanmiah Food Company,Tadawul,2024,2024-12-31,2563484224.00,654402205.00,95822173.00,123782272.00,-176441043.00,2025-09-30 22:19:08.890229+03:00,2025-09-30 22:19:08.890229+03:00
2281.SR,Tanmiah Food Company,Tadawul,2023,2023-12-31,2093092807.00,494772811.00,75940950.00,132233230.00,-92907697.00,2025-09-30 22:19:08.890229+03:00,2025-09-30 22:19:08.890229+03:00
2281.SR,Tanmiah Food Company,Tadawul,2022,2022-12-31,1727041745.00,420188678.00,186809894.00,52943312.00,-109555866.00,2025-09-30 22:19:08.890229+03:00,2025-09-30 22:19:08.890229+03:00
2281.SR,Tanmiah Food Company,Tadawul,2021,2021-12-31,1209567731.00,231817663.00,13556583.00,324541167.00,200757492.00,2025-09-30 22:19:08.890229+03:00,2025-09-30 22:19:08.890229+03:00
2281.SR,Tanmiah Food Company,Tadawul,2020,2020-12-31,,,,,,2025-09-30 22:19:08.890229+03:00,2025-09-30 22:19:08.890229+03:00
2282.SR,Naqi Water Company,Tadawul,2024,2024-12-31,219340133.00,76646768.00,30184860.00,45060681.00,11088378.00,2025-09-30 22:03:44.146093+03:00,2025-09-30 22:03:44.146093+03:00
2282.SR,Naqi Water Company,Tadawul,2023,2023-12-31,238822627.00,85159071.00,42950121.00,63465089.00,36303723.00,2025-09-30 22:03:44.146093+03:00,2025-09-30 22:03:44.146093+03:00
2282.SR,Naqi Water Company,Tadawul,2022,2022-12-31,284290176.00,90037452.00,48707066.00,71562991.00,65684727.00,2025-09-30 22:03:44.146093+03:00,2025-09-30 22:03:44.146093+03:00
2282.SR,Naqi Water Company,Tadawul,2021,2021-12-31,277823065.00,112954497.00,77275987.00,82688908.00,47183663.00,2025-09-30 22:03:44.146093+03:00,2025-09-30 22:03:44.146093+03:00
2283.SR,The First Milling Company,Tadawul,2024,2024-12-31,1048854922.00,457087798.00,250901722.00,305935092.00,248553993.00,2025-09-30 22:03:48.777398+03:00,2025-09-30 22:03:48.777398+03:00
2283.SR,The First Milling Company,Tadawul,2023,2023-12-31,964261133.00,413143876.00,220208226.00,307507810.00,187653312.00,2025-09-30 22:03:48.777398+03:00,2025-09-30 22:03:48.777398+03:00
2283.SR,The First Milling Company,Tadawul,2022,2022-12-31,913649822.00,397926038.00,217480731.00,232478352.00,194197266.00,2025-09-30 22:03:48.777398+03:00,2025-09-30 22:03:48.777398+03:00
2283.SR,The First Milling Company,Tadawul,2021,2021-12-31,801009367.00,331468192.00,198475214.00,303220954.00,264517303.00,2025-09-30 22:03:48.777398+03:00,2025-09-30 22:03:48.777398+03:00
2284.SR,Modern Mills for Food Products ,Tadawul,2024,2024-12-31,1000249437.00,373314055.00,208670276.00,275734722.00,168617201.00,2025-09-30 22:03:53.099795+03:00,2025-09-30 22:03:53.099795+03:00
2284.SR,Modern Mills for Food Products ,Tadawul,2023,2023-12-31,938620394.00,345742795.00,201810098.00,238774172.00,182701224.00,2025-09-30 22:03:53.099795+03:00,2025-09-30 22:03:53.099795+03:00
2284.SR,Modern Mills for Food Products ,Tadawul,2022,2022-12-31,978000691.00,366007026.00,233009125.00,353214706.00,319242553.00,2025-09-30 22:03:53.099795+03:00,2025-09-30 22:03:53.099795+03:00
2285.SR,Arabian Mills for Food Products,Tadawul,2024,2024-12-31,973942448.00,454944950.00,213636615.00,344173435.00,325606714.00,2025-09-30 22:18:29.545964+03:00,2025-09-30 22:18:29.545964+03:00
2285.SR,Arabian Mills for Food Products,Tadawul,2023,2023-12-31,862081974.00,425007006.00,200279112.00,366072467.00,346352879.00,2025-09-30 22:18:29.545964+03:00,2025-09-30 22:18:29.545964+03:00
2286.SR,Fourth Milling Co.,Tadawul,2024,2024-12-31,629027399.00,294574400.00,170931353.00,262297309.00,246733744.00,2025-09-30 22:18:33.938134+03:00,2025-09-30 22:18:33.938134+03:00
2286.SR,Fourth Milling Co.,Tadawul,2023,2023-12-31,558090113.00,246167029.00,142816987.00,167216505.00,157065472.00,2025-09-30 22:18:33.938134+03:00,2025-09-30 22:18:33.938134+03:00
2290.SR,Yanbu National Petrochemical Company,Tadawul,2024,2024-12-31,6160538000.00,954086000.00,420334000.00,1593181000.00,1325443000.00,2025-09-30 21:56:57.643313+03:00,2025-09-30 21:56:57.643313+03:00
2290.SR,Yanbu National Petrochemical Company,Tadawul,2023,2023-12-31,4532731000.00,-53365000.00,-485144000.00,971622000.00,53218000.00,2025-09-30 21:56:57.643313+03:00,2025-09-30 21:56:57.643313+03:00
2290.SR,Yanbu National Petrochemical Company,Tadawul,2022,2022-12-31,7024050000.00,970422000.00,414145000.00,1872729000.00,1430105000.00,2025-09-30 21:56:57.643313+03:00,2025-09-30 21:56:57.643313+03:00
2290.SR,Yanbu National Petrochemical Company,Tadawul,2021,2021-12-31,7499273000.00,2245868000.00,1531299000.00,2639628000.00,2236431000.00,2025-09-30 21:56:57.643313+03:00,2025-09-30 21:56:57.643313+03:00
2290.SR,Yanbu National Petrochemical Company,Tadawul,2020,2020-12-31,,,,,,2025-09-30 21:56:57.643313+03:00,2025-09-30 21:56:57.643313+03:00
2300.SR,Saudi Paper Manufacturing Company,Tadawul,2024,2024-12-31,837244039.00,261258613.00,83237867.00,73586411.00,-41745561.00,2025-09-30 21:55:24.895564+03:00,2025-09-30 21:55:24.895564+03:00
2300.SR,Saudi Paper Manufacturing Company,Tadawul,2023,2023-12-31,811082497.00,247567256.00,72935736.00,59745097.00,3225599.00,2025-09-30 21:55:24.895564+03:00,2025-09-30 21:55:24.895564+03:00
2300.SR,Saudi Paper Manufacturing Company,Tadawul,2022,2022-12-31,691864895.00,176871592.00,46894939.00,76145885.00,9293786.00,2025-09-30 21:55:24.895564+03:00,2025-09-30 21:55:24.895564+03:00
2300.SR,Saudi Paper Manufacturing Company,Tadawul,2021,2021-12-31,588799468.00,136050237.00,30275860.00,-8993886.00,-20631618.00,2025-09-30 21:55:24.895564+03:00,2025-09-30 21:55:24.895564+03:00
2300.SR,Saudi Paper Manufacturing Company,Tadawul,2020,2020-12-31,,,,,,2025-09-30 21:55:24.895564+03:00,2025-09-30 21:55:24.895564+03:00
2310.SR,Sahara International Petrochemical Company,Tadawul,2024,2024-12-31,7060592000.00,1439497000.00,426139000.00,1374342000.00,715458000.00,2025-09-30 21:57:02.384296+03:00,2025-09-30 21:57:02.384296+03:00
2310.SR,Sahara International Petrochemical Company,Tadawul,2023,2023-12-31,7617941000.00,2168467000.00,1174994000.00,2339661000.00,1607814000.00,2025-09-30 21:57:02.384296+03:00,2025-09-30 21:57:02.384296+03:00
2310.SR,Sahara International Petrochemical Company,Tadawul,2022,2022-12-31,10253628000.00,4838675000.00,3595291000.00,5319284000.00,4687698000.00,2025-09-30 21:57:02.384296+03:00,2025-09-30 21:57:02.384296+03:00
2310.SR,Sahara International Petrochemical Company,Tadawul,2021,2021-12-31,9686694000.00,5342355000.00,3591844000.00,4881235000.00,4228214000.00,2025-09-30 21:57:02.384296+03:00,2025-09-30 21:57:02.384296+03:00
2310.SR,Sahara International Petrochemical Company,Tadawul,2020,2020-12-31,,,,,,2025-09-30 21:57:02.384296+03:00,2025-09-30 21:57:02.384296+03:00
2320.SR,Al-Babtain Power and Telecommunications Company,Tadawul,2024,2024-12-31,2812476486.00,458828892.00,265748386.00,485265157.00,470446395.00,2025-09-30 21:58:42.326741+03:00,2025-09-30 21:58:42.326741+03:00
2320.SR,Al-Babtain Power and Telecommunications Company,Tadawul,2023,2023-12-31,2490493706.00,397342101.00,141491850.00,260468361.00,215853879.00,2025-09-30 21:58:42.326741+03:00,2025-09-30 21:58:42.326741+03:00
2320.SR,Al-Babtain Power and Telecommunications Company,Tadawul,2022,2022-12-31,2197055167.00,268601693.00,52630638.00,-106093882.00,-147289292.00,2025-09-30 21:58:42.326741+03:00,2025-09-30 21:58:42.326741+03:00
2320.SR,Al-Babtain Power and Telecommunications Company,Tadawul,2021,2021-12-31,1502119800.00,194784509.00,51029030.00,-207729625.00,-236477364.00,2025-09-30 21:58:42.326741+03:00,2025-09-30 21:58:42.326741+03:00
2320.SR,Al-Babtain Power and Telecommunications Company,Tadawul,2020,2020-12-31,,,,,,2025-09-30 21:58:42.326741+03:00,2025-09-30 21:58:42.326741+03:00
2330.SR,Advanced Petrochemical Company,Tadawul,2024,2024-12-31,2192636000.00,288181000.00,-259180000.00,34903000.00,-2197299000.00,2025-09-30 21:57:07.061277+03:00,2025-09-30 21:57:07.061277+03:00
2330.SR,Advanced Petrochemical Company,Tadawul,2023,2023-12-31,2373514000.00,451458000.00,171061000.00,211121000.00,-3116732000.00,2025-09-30 21:57:07.061277+03:00,2025-09-30 21:57:07.061277+03:00
2330.SR,Advanced Petrochemical Company,Tadawul,2022,2022-12-31,2948471000.00,536295000.00,294501000.00,460497000.00,-1886376000.00,2025-09-30 21:57:07.061277+03:00,2025-09-30 21:57:07.061277+03:00
2330.SR,Advanced Petrochemical Company,Tadawul,2021,2021-12-31,3111319000.00,1042616000.00,815395000.00,1057364000.00,-388823000.00,2025-09-30 21:57:07.061277+03:00,2025-09-30 21:57:07.061277+03:00
2340.SR,Artex Industrial Investment Company,Tadawul,2024,2024-12-31,562168000.00,10201000.00,-144454000.00,-18826000.00,-38339000.00,2025-09-30 22:00:31.840426+03:00,2025-09-30 22:00:31.840426+03:00
2340.SR,Artex Industrial Investment Company,Tadawul,2023,2023-12-31,522605000.00,-10851000.00,-74790000.00,8723000.00,-28623000.00,2025-09-30 22:00:31.840426+03:00,2025-09-30 22:00:31.840426+03:00
2340.SR,Artex Industrial Investment Company,Tadawul,2022,2022-12-31,647504000.00,7436000.00,-57867000.00,-10188000.00,-57885000.00,2025-09-30 22:00:31.840426+03:00,2025-09-30 22:00:31.840426+03:00
2340.SR,Artex Industrial Investment Company,Tadawul,2021,2021-12-31,641516000.00,18788000.00,-47754000.00,-73270000.00,-88869000.00,2025-09-30 22:00:31.840426+03:00,2025-09-30 22:00:31.840426+03:00
2340.SR,Artex Industrial Investment Company,Tadawul,2020,2020-12-31,,,,,,2025-09-30 22:00:31.840426+03:00,2025-09-30 22:00:31.840426+03:00
2350.SR,Saudi Kayan Petrochemical Company,Tadawul,2024,2024-12-31,8726026000.00,-642464000.00,-1803717000.00,2110824000.00,1417636000.00,2025-09-30 21:57:11.377159+03:00,2025-09-30 21:57:11.377159+03:00
2350.SR,Saudi Kayan Petrochemical Company,Tadawul,2023,2023-12-31,8170642000.00,-846443000.00,-2136474000.00,884517000.00,96872000.00,2025-09-30 21:57:11.377159+03:00,2025-09-30 21:57:11.377159+03:00
2350.SR,Saudi Kayan Petrochemical Company,Tadawul,2022,2022-12-31,11157015000.00,-96840000.00,-1243890000.00,3180406000.00,2825941000.00,2025-09-30 21:57:11.377159+03:00,2025-09-30 21:57:11.377159+03:00
2350.SR,Saudi Kayan Petrochemical Company,Tadawul,2021,2021-12-31,12656207000.00,3557653000.00,2390616000.00,3828120000.00,3404679000.00,2025-09-30 21:57:11.377159+03:00,2025-09-30 21:57:11.377159+03:00
2350.SR,Saudi Kayan Petrochemical Company,Tadawul,2020,2020-12-31,,,,,,2025-09-30 21:57:11.377159+03:00,2025-09-30 21:57:11.377159+03:00
2360.SR,Saudi Vitrified Clay Pipe Company,Tadawul,2024,2024-12-31,58487014.00,-4211818.00,-108445350.00,-11864131.00,-15917357.00,2025-09-30 21:56:00.350606+03:00,2025-09-30 21:56:00.350606+03:00
2360.SR,Saudi Vitrified Clay Pipe Company,Tadawul,2023,2023-12-31,75674768.00,7278179.00,-59140066.00,8348829.00,5885808.00,2025-09-30 21:56:00.350606+03:00,2025-09-30 21:56:00.350606+03:00
2360.SR,Saudi Vitrified Clay Pipe Company,Tadawul,2022,2022-12-31,76349895.00,4414681.00,-8762676.00,9360653.00,3683221.00,2025-09-30 21:56:00.350606+03:00,2025-09-30 21:56:00.350606+03:00
2360.SR,Saudi Vitrified Clay Pipe Company,Tadawul,2021,2021-12-31,88715334.00,21500772.00,-2055341.00,12892779.00,11584914.00,2025-09-30 21:56:00.350606+03:00,2025-09-30 21:56:00.350606+03:00
2360.SR,Saudi Vitrified Clay Pipe Company,Tadawul,2020,2020-12-31,,,,,,2025-09-30 21:56:00.350606+03:00,2025-09-30 21:56:00.350606+03:00
2370.SR,Middle East Specialized Cables Company,Tadawul,2024,2024-12-31,1143914626.00,195201255.00,90997994.00,-52228648.00,-81264012.00,2025-09-30 21:58:33.712875+03:00,2025-09-30 21:58:33.712875+03:00
2370.SR,Middle East Specialized Cables Company,Tadawul,2023,2023-12-31,926882487.00,152042896.00,48935113.00,81607493.00,68346305.00,2025-09-30 21:58:33.712875+03:00,2025-09-30 21:58:33.712875+03:00
2370.SR,Middle East Specialized Cables Company,Tadawul,2022,2022-12-31,814395347.00,74943798.00,-11788217.00,-43336990.00,-47143677.00,2025-09-30 21:58:33.712875+03:00,2025-09-30 21:58:33.712875+03:00
2370.SR,Middle East Specialized Cables Company,Tadawul,2021,2021-12-31,516503292.00,52343657.00,-22716042.00,62610538.00,51103597.00,2025-09-30 21:58:33.712875+03:00,2025-09-30 21:58:33.712875+03:00
2380.SR,Rabigh Refining and Petrochemical Company,Tadawul,2024,2024-12-31,39349068000.00,-985022000.00,-4544527000.00,4195139000.00,3306110000.00,2025-09-30 21:50:36.059720+03:00,2025-09-30 21:50:36.059720+03:00
2380.SR,Rabigh Refining and Petrochemical Company,Tadawul,2023,2023-12-31,44603993000.00,-578499000.00,-4692733000.00,-1614099000.00,-2650519000.00,2025-09-30 21:50:36.059720+03:00,2025-09-30 21:50:36.059720+03:00
2380.SR,Rabigh Refining and Petrochemical Company,Tadawul,2022,2022-12-31,55952481000.00,1683733000.00,-1114881000.00,4461330000.00,3662956000.00,2025-09-30 21:50:36.059720+03:00,2025-09-30 21:50:36.059720+03:00
2380.SR,Rabigh Refining and Petrochemical Company,Tadawul,2021,2021-12-31,45638066000.00,4756493000.00,2036661000.00,5296633000.00,4840498000.00,2025-09-30 21:50:36.059720+03:00,2025-09-30 21:50:36.059720+03:00
2381.SR,Arabian Drilling Company,Tadawul,2024,2024-12-31,3618817503.00,759899686.00,321364737.00,1749599957.00,-160705849.00,2025-09-30 21:50:27.497483+03:00,2025-09-30 21:50:27.497483+03:00
2381.SR,Arabian Drilling Company,Tadawul,2023,2023-12-31,3476523864.00,975903948.00,604613933.00,1360086682.00,-486660090.00,2025-09-30 21:50:27.497483+03:00,2025-09-30 21:50:27.497483+03:00
2381.SR,Arabian Drilling Company,Tadawul,2022,2022-12-31,2703535475.00,801443092.00,557719959.00,1242195752.00,-507147609.00,2025-09-30 21:50:27.497483+03:00,2025-09-30 21:50:27.497483+03:00
2381.SR,Arabian Drilling Company,Tadawul,2021,2021-12-31,2198968512.00,475618867.00,273583505.00,676220281.00,428443109.00,2025-09-30 21:50:27.497483+03:00,2025-09-30 21:50:27.497483+03:00
2382.SR,ADES Holding Company,Tadawul,2024,2024-12-31,6199022000.00,2359050000.00,802498000.00,2998780000.00,622445000.00,2025-09-30 21:50:31.814274+03:00,2025-09-30 21:50:31.814274+03:00
2382.SR,ADES Holding Company,Tadawul,2023,2023-12-31,4331903000.00,1711125000.00,442097000.00,2282704000.00,-1765662000.00,2025-09-30 21:50:31.814274+03:00,2025-09-30 21:50:31.814274+03:00
3002.SR,Najran Cement Company,Tadawul,2024,2024-12-31,534505000.00,145234000.00,68429000.00,104545000.00,40253000.00,2025-09-30 21:57:15.723574+03:00,2025-09-30 21:57:15.723574+03:00
3002.SR,Najran Cement Company,Tadawul,2023,2023-12-31,485651000.00,128159000.00,55162000.00,115388000.00,-38792000.00,2025-09-30 21:57:15.723574+03:00,2025-09-30 21:57:15.723574+03:00
3002.SR,Najran Cement Company,Tadawul,2022,2022-12-31,535686000.00,170767000.00,112809000.00,96588000.00,42264000.00,2025-09-30 21:57:15.723574+03:00,2025-09-30 21:57:15.723574+03:00
3002.SR,Najran Cement Company,Tadawul,2021,2021-12-31,581553000.00,230319000.00,165546000.00,270427000.00,217142000.00,2025-09-30 21:57:15.723574+03:00,2025-09-30 21:57:15.723574+03:00
3002.SR,Najran Cement Company,Tadawul,2020,2020-12-31,,,,,,2025-09-30 21:57:15.723574+03:00,2025-09-30 21:57:15.723574+03:00
3003.SR,City Cement Company,Tadawul,2024,2024-12-31,520836291.00,188540658.00,144119933.00,262208111.00,222750994.00,2025-09-30 21:57:20.110460+03:00,2025-09-30 21:57:20.110460+03:00
3003.SR,City Cement Company,Tadawul,2023,2023-12-31,356469662.00,110429909.00,82001085.00,104723923.00,91540639.00,2025-09-30 21:57:20.110460+03:00,2025-09-30 21:57:20.110460+03:00
3003.SR,City Cement Company,Tadawul,2022,2022-12-31,431381721.00,145438946.00,115010427.00,163917877.00,148641879.00,2025-09-30 21:57:20.110460+03:00,2025-09-30 21:57:20.110460+03:00
3003.SR,City Cement Company,Tadawul,2021,2021-12-31,496731659.00,207872505.00,160280269.00,267514891.00,257095529.00,2025-09-30 21:57:20.110460+03:00,2025-09-30 21:57:20.110460+03:00
3004.SR,Northern Region Cement Company,Tadawul,2024,2024-12-31,622520069.00,232751821.00,100799650.00,117364045.00,-102675604.00,2025-09-30 21:57:24.380118+03:00,2025-09-30 21:57:24.380118+03:00
3004.SR,Northern Region Cement Company,Tadawul,2023,2023-12-31,689553324.00,226276637.00,56259215.00,178383533.00,11618090.00,2025-09-30 21:57:24.380118+03:00,2025-09-30 21:57:24.380118+03:00
3004.SR,Northern Region Cement Company,Tadawul,2022,2022-12-31,617958173.00,224028082.00,112023420.00,136943640.00,21891471.00,2025-09-30 21:57:24.380118+03:00,2025-09-30 21:57:24.380118+03:00
3004.SR,Northern Region Cement Company,Tadawul,2021,2021-12-31,561912703.00,199851422.00,106062313.00,177377395.00,53978591.00,2025-09-30 21:57:24.380118+03:00,2025-09-30 21:57:24.380118+03:00
3004.SR,Northern Region Cement Company,Tadawul,2020,2020-12-31,,,,,,2025-09-30 21:57:24.380118+03:00,2025-09-30 21:57:24.380118+03:00
3005.SR,Umm Al-Qura Cement Company,Tadawul,2024,2024-12-31,265590348.00,82922681.00,47719184.00,37611973.00,31585367.00,2025-09-30 21:58:07.763559+03:00,2025-09-30 21:58:07.763559+03:00
3005.SR,Umm Al-Qura Cement Company,Tadawul,2023,2023-12-31,168947617.00,32890216.00,3951063.00,55610254.00,39811774.00,2025-09-30 21:58:07.763559+03:00,2025-09-30 21:58:07.763559+03:00
3005.SR,Umm Al-Qura Cement Company,Tadawul,2022,2022-12-31,221216841.00,70827155.00,22986944.00,42057614.00,38696453.00,2025-09-30 21:58:07.763559+03:00,2025-09-30 21:58:07.763559+03:00
3005.SR,Umm Al-Qura Cement Company,Tadawul,2021,2021-12-31,278832850.00,119143557.00,81436401.00,73535714.00,73335528.00,2025-09-30 21:58:07.763559+03:00,2025-09-30 21:58:07.763559+03:00
3005.SR,Umm Al-Qura Cement Company,Tadawul,2020,2020-12-31,,,,,,2025-09-30 21:58:07.763559+03:00,2025-09-30 21:58:07.763559+03:00
3007.SR,Zahrat Al Waha For Trading Company,Tadawul,2024,2024-12-31,544688020.00,60610738.00,12077393.00,86080206.00,71993245.00,2025-09-30 21:50:53.942355+03:00,2025-09-30 21:50:53.942355+03:00
3007.SR,Zahrat Al Waha For Trading Company,Tadawul,2023,2023-12-31,572490017.00,70446559.00,33873193.00,80948783.00,37967396.00,2025-09-30 21:50:53.942355+03:00,2025-09-30 21:50:53.942355+03:00
3007.SR,Zahrat Al Waha For Trading Company,Tadawul,2022,2022-12-31,624740216.00,57696429.00,15739163.00,9417285.00,-20110513.00,2025-09-30 21:50:53.942355+03:00,2025-09-30 21:50:53.942355+03:00
3007.SR,Zahrat Al Waha For Trading Company,Tadawul,2021,2021-12-31,549011303.00,87826022.00,64571683.00,62738966.00,52206275.00,2025-09-30 21:50:53.942355+03:00,2025-09-30 21:50:53.942355+03:00
3007.SR,Zahrat Al Waha For Trading Company,Tadawul,2020,2020-12-31,,,,,,2025-09-30 21:50:53.942355+03:00,2025-09-30 21:50:53.942355+03:00
3008.SR,Al Kathiri Holding Company,Tadawul,2024,2024-12-31,183872514.00,20816992.00,-19004824.00,-8167325.00,-23509385.00,2025-09-30 21:55:33.664266+03:00,2025-09-30 21:55:33.664266+03:00
3008.SR,Al Kathiri Holding Company,Tadawul,2023,2023-12-31,129179914.00,22752337.00,-4138744.00,-9644671.00,-12804250.00,2025-09-30 21:55:33.664266+03:00,2025-09-30 21:55:33.664266+03:00
3008.SR,Al Kathiri Holding Company,Tadawul,2022,2022-12-31,129371710.00,15065263.00,1709762.00,5944576.00,-15133784.00,2025-09-30 21:55:33.664266+03:00,2025-09-30 21:55:33.664266+03:00
3008.SR,Al Kathiri Holding Company,Tadawul,2021,2021-12-31,128777194.00,40216558.00,8586814.00,51202200.00,-18265701.00,2025-09-30 21:55:33.664266+03:00,2025-09-30 21:55:33.664266+03:00
3008.SR,Al Kathiri Holding Company,Tadawul,2020,2020-12-31,,,,,,2025-09-30 21:55:33.664266+03:00,2025-09-30 21:55:33.664266+03:00
3010.SR,Arabian Cement Company,Tadawul,2024,2024-12-31,857855000.00,240474000.00,160097000.00,164236000.00,132692000.00,2025-09-30 21:57:28.681767+03:00,2025-09-30 21:57:28.681767+03:00
3010.SR,Arabian Cement Company,Tadawul,2023,2023-12-31,875760000.00,207072000.00,139633000.00,238735000.00,221382000.00,2025-09-30 21:57:28.681767+03:00,2025-09-30 21:57:28.681767+03:00
3010.SR,Arabian Cement Company,Tadawul,2022,2022-12-31,970949000.00,274626000.00,181006000.00,234623000.00,189874000.00,2025-09-30 21:57:28.681767+03:00,2025-09-30 21:57:28.681767+03:00
3010.SR,Arabian Cement Company,Tadawul,2021,2021-12-31,1033205000.00,308939000.00,161520000.00,467319000.00,438291000.00,2025-09-30 21:57:28.681767+03:00,2025-09-30 21:57:28.681767+03:00
3020.SR,YAMAMA Cement Company,Tadawul,2024,2024-12-31,1172979234.00,529016002.00,420705984.00,578708720.00,-406528802.00,2025-09-30 21:57:32.994028+03:00,2025-09-30 21:57:32.994028+03:00
3020.SR,YAMAMA Cement Company,Tadawul,2023,2023-12-31,935192569.00,335357146.00,304251843.00,86653826.00,-197260713.00,2025-09-30 21:57:32.994028+03:00,2025-09-30 21:57:32.994028+03:00
3020.SR,YAMAMA Cement Company,Tadawul,2022,2022-12-31,1008111137.00,408645799.00,355798550.00,518270177.00,245091953.00,2025-09-30 21:57:32.994028+03:00,2025-09-30 21:57:32.994028+03:00
3020.SR,YAMAMA Cement Company,Tadawul,2021,2021-12-31,735842704.00,220411086.00,153665412.00,469569876.00,125458805.00,2025-09-30 21:57:32.994028+03:00,2025-09-30 21:57:32.994028+03:00
3020.SR,YAMAMA Cement Company,Tadawul,2020,2020-12-31,,,,,,2025-09-30 21:57:32.994028+03:00,2025-09-30 21:57:32.994028+03:00
3030.SR,Saudi Cement Company,Tadawul,2024,2024-12-31,1675807000.00,667361000.00,421874000.00,578668000.00,492826000.00,2025-09-30 21:57:37.376595+03:00,2025-09-30 21:57:37.376595+03:00
3030.SR,Saudi Cement Company,Tadawul,2023,2023-12-31,1461832000.00,572931000.00,381027000.00,531828000.00,451602000.00,2025-09-30 21:57:37.376595+03:00,2025-09-30 21:57:37.376595+03:00
3030.SR,Saudi Cement Company,Tadawul,2022,2022-12-31,1419821000.00,568875000.00,398838000.00,641549000.00,566831000.00,2025-09-30 21:57:37.376595+03:00,2025-09-30 21:57:37.376595+03:00
3030.SR,Saudi Cement Company,Tadawul,2021,2021-12-31,1409569000.00,530392000.00,331920000.00,643002000.00,577853000.00,2025-09-30 21:57:37.376595+03:00,2025-09-30 21:57:37.376595+03:00
3030.SR,Saudi Cement Company,Tadawul,2020,2020-12-31,,,,,,2025-09-30 21:57:37.376595+03:00,2025-09-30 21:57:37.376595+03:00
3040.SR,Qassim Cement Company,Tadawul,2024,2024-12-31,967578131.00,333357770.00,301349338.00,317092499.00,254867717.00,2025-09-30 21:57:41.794801+03:00,2025-09-30 21:57:41.794801+03:00
3040.SR,Qassim Cement Company,Tadawul,2023,2023-12-31,583559913.00,151100721.00,141970722.00,92841074.00,-19696001.00,2025-09-30 21:57:41.794801+03:00,2025-09-30 21:57:41.794801+03:00
3040.SR,Qassim Cement Company,Tadawul,2022,2022-12-31,678456217.00,188485620.00,130512557.00,92587962.00,10474484.00,2025-09-30 21:57:41.794801+03:00,2025-09-30 21:57:41.794801+03:00
3040.SR,Qassim Cement Company,Tadawul,2021,2021-12-31,722798388.00,285947221.00,291872242.00,422129292.00,394783882.00,2025-09-30 21:57:41.794801+03:00,2025-09-30 21:57:41.794801+03:00
3040.SR,Qassim Cement Company,Tadawul,2020,2020-12-31,,,,,,2025-09-30 21:57:41.794801+03:00,2025-09-30 21:57:41.794801+03:00
3050.SR,Southern Province Cement Company,Tadawul,2024,2024-12-31,935028850.00,343317188.00,243746337.00,176643886.00,-281502100.00,2025-09-30 21:57:46.124728+03:00,2025-09-30 21:57:46.124728+03:00
3050.SR,Southern Province Cement Company,Tadawul,2023,2023-12-31,1070264178.00,276506353.00,195401445.00,316716357.00,50343102.00,2025-09-30 21:57:46.124728+03:00,2025-09-30 21:57:46.124728+03:00
3050.SR,Southern Province Cement Company,Tadawul,2022,2022-12-31,1222409001.00,361055315.00,300708182.00,320403289.00,172356755.00,2025-09-30 21:57:46.124728+03:00,2025-09-30 21:57:46.124728+03:00
3050.SR,Southern Province Cement Company,Tadawul,2021,2021-12-31,1339350164.00,505404525.00,429150690.00,611090697.00,549939316.00,2025-09-30 21:57:46.124728+03:00,2025-09-30 21:57:46.124728+03:00
3050.SR,Southern Province Cement Company,Tadawul,2020,2020-12-31,,,,,,2025-09-30 21:57:46.124728+03:00,2025-09-30 21:57:46.124728+03:00
3060.SR,Yanbu Cement Company,Tadawul,2024,2024-12-31,876126630.00,291994080.00,157120485.00,232969828.00,193107654.00,2025-09-30 21:57:50.504040+03:00,2025-09-30 21:57:50.504040+03:00
3060.SR,Yanbu Cement Company,Tadawul,2023,2023-12-31,827216726.00,235873973.00,119921196.00,65315938.00,25866071.00,2025-09-30 21:57:50.504040+03:00,2025-09-30 21:57:50.504040+03:00
3060.SR,Yanbu Cement Company,Tadawul,2022,2022-12-31,981168444.00,276441640.00,215407476.00,476769172.00,442285601.00,2025-09-30 21:57:50.504040+03:00,2025-09-30 21:57:50.504040+03:00
3060.SR,Yanbu Cement Company,Tadawul,2021,2021-12-31,934025649.00,223606913.00,159556334.00,377338339.00,276235556.00,2025-09-30 21:57:50.504040+03:00,2025-09-30 21:57:50.504040+03:00
3060.SR,Yanbu Cement Company,Tadawul,2020,2020-12-31,,,,,,2025-09-30 21:57:50.504040+03:00,2025-09-30 21:57:50.504040+03:00
3080.SR,Eastern Province Cement Company,Tadawul,2024,2024-12-31,1210646000.00,373727000.00,247883000.00,367532000.00,123441000.00,2025-09-30 21:57:54.797078+03:00,2025-09-30 21:57:54.797078+03:00
3080.SR,Eastern Province Cement Company,Tadawul,2023,2023-12-31,995666000.00,293165000.00,196492000.00,158636000.00,112257000.00,2025-09-30 21:57:54.797078+03:00,2025-09-30 21:57:54.797078+03:00
3080.SR,Eastern Province Cement Company,Tadawul,2022,2022-12-31,784197000.00,247709000.00,143300000.00,129775000.00,47140000.00,2025-09-30 21:57:54.797078+03:00,2025-09-30 21:57:54.797078+03:00
3080.SR,Eastern Province Cement Company,Tadawul,2021,2021-12-31,757734000.00,260983000.00,192847000.00,209460000.00,192843000.00,2025-09-30 21:57:54.797078+03:00,2025-09-30 21:57:54.797078+03:00
3080.SR,Eastern Province Cement Company,Tadawul,2020,2020-12-31,,,,,,2025-09-30 21:57:54.797078+03:00,2025-09-30 21:57:54.797078+03:00
3090.SR,Tabuk Cement Company,Tadawul,2024,2024-12-31,343363336.00,96551657.00,79562528.00,169375476.00,153485641.00,2025-09-30 21:57:59.127080+03:00,2025-09-30 21:57:59.127080+03:00
3090.SR,Tabuk Cement Company,Tadawul,2023,2023-12-31,265083135.00,53154962.00,15012235.00,71748437.00,53976574.00,2025-09-30 21:57:59.127080+03:00,2025-09-30 21:57:59.127080+03:00
3090.SR,Tabuk Cement Company,Tadawul,2022,2022-12-31,297549464.00,63433985.00,20967188.00,105238422.00,94667414.00,2025-09-30 21:57:59.127080+03:00,2025-09-30 21:57:59.127080+03:00
3090.SR,Tabuk Cement Company,Tadawul,2021,2021-12-31,228529275.00,48609550.00,17757321.00,59829288.00,48480261.00,2025-09-30 21:57:59.127080+03:00,2025-09-30 21:57:59.127080+03:00
3090.SR,Tabuk Cement Company,Tadawul,2020,2020-12-31,,,,,,2025-09-30 21:57:59.127080+03:00,2025-09-30 21:57:59.127080+03:00
3091.SR,Al Jouf Cement Company,Tadawul,2024,2024-12-31,256504047.00,15835067.00,-27731380.00,-73809223.00,-79086878.00,2025-09-30 21:58:03.345174+03:00,2025-09-30 21:58:03.345174+03:00
3091.SR,Al Jouf Cement Company,Tadawul,2023,2023-12-31,269284152.00,69799732.00,37678330.00,69626868.00,28888471.00,2025-09-30 21:58:03.345174+03:00,2025-09-30 21:58:03.345174+03:00
3091.SR,Al Jouf Cement Company,Tadawul,2022,2022-12-31,251861520.00,73432537.00,30893914.00,65272475.00,61762200.00,2025-09-30 21:58:03.345174+03:00,2025-09-30 21:58:03.345174+03:00
3091.SR,Al Jouf Cement Company,Tadawul,2021,2021-12-31,226515823.00,20985886.00,-92640127.00,52736510.00,48895905.00,2025-09-30 21:58:03.345174+03:00,2025-09-30 21:58:03.345174+03:00
3091.SR,Al Jouf Cement Company,Tadawul,2020,2020-12-31,,,,,,2025-09-30 21:58:03.345174+03:00,2025-09-30 21:58:03.345174+03:00
3092.SR,Riyadh Cement Company,Tadawul,2024,2024-12-31,789396360.00,328766862.00,310439020.00,434191205.00,342344063.00,2025-09-30 21:58:12.085842+03:00,2025-09-30 21:58:12.085842+03:00
3092.SR,Riyadh Cement Company,Tadawul,2023,2023-12-31,643383248.00,236899163.00,188772499.00,242019117.00,197589780.00,2025-09-30 21:58:12.085842+03:00,2025-09-30 21:58:12.085842+03:00
3092.SR,Riyadh Cement Company,Tadawul,2022,2022-12-31,598006116.00,231545635.00,189839971.00,297937666.00,249484924.00,2025-09-30 21:58:12.085842+03:00,2025-09-30 21:58:12.085842+03:00
3092.SR,Riyadh Cement Company,Tadawul,2021,2021-12-31,671065997.00,266550230.00,213730732.00,270057479.00,242052358.00,2025-09-30 21:58:12.085842+03:00,2025-09-30 21:58:12.085842+03:00
3092.SR,Riyadh Cement Company,Tadawul,2020,2020-12-31,,,,,,2025-09-30 21:58:12.085842+03:00,2025-09-30 21:58:12.085842+03:00
4001.SR,Abdullah Al-Othaim Markets Company,Tadawul,2024,2024-12-31,10715716714.00,2410730386.00,511021992.00,910269451.00,317992190.00,2025-09-30 22:03:13.646406+03:00,2025-09-30 22:03:13.646406+03:00
4001.SR,Abdullah Al-Othaim Markets Company,Tadawul,2023,2023-12-31,10233719474.00,2268793789.00,482047729.00,681092879.00,294753210.00,2025-09-30 22:03:13.646406+03:00,2025-09-30 22:03:13.646406+03:00
4001.SR,Abdullah Al-Othaim Markets Company,Tadawul,2022,2022-12-31,9549545554.00,2085622204.00,1079509086.00,1023401933.00,737782566.00,2025-09-30 22:03:13.646406+03:00,2025-09-30 22:03:13.646406+03:00
4001.SR,Abdullah Al-Othaim Markets Company,Tadawul,2021,2021-12-31,8403692741.00,1787843798.00,300120973.00,834656092.00,682184434.00,2025-09-30 22:03:13.646406+03:00,2025-09-30 22:03:13.646406+03:00
4001.SR,Abdullah Al-Othaim Markets Company,Tadawul,2020,2020-12-31,,,,,,2025-09-30 22:03:13.646406+03:00,2025-09-30 22:03:13.646406+03:00
4002.SR,Mouwasat Medical Services Company,Tadawul,2024,2024-12-31,2879372341.00,1288964535.00,645759043.00,1256428579.00,820870111.00,2025-09-30 22:20:07.815670+03:00,2025-09-30 22:20:07.815670+03:00
4002.SR,Mouwasat Medical Services Company,Tadawul,2023,2023-12-31,2705508121.00,1313079238.00,657687906.00,813783068.00,527244588.00,2025-09-30 22:20:07.815670+03:00,2025-09-30 22:20:07.815670+03:00
4002.SR,Mouwasat Medical Services Company,Tadawul,2022,2022-12-31,2334112284.00,1101571738.00,599305261.00,707326773.00,408653308.00,2025-09-30 22:20:07.815670+03:00,2025-09-30 22:20:07.815670+03:00
4002.SR,Mouwasat Medical Services Company,Tadawul,2021,2021-12-31,2144143112.00,995778153.00,578161353.00,682834906.00,352614330.00,2025-09-30 22:20:07.815670+03:00,2025-09-30 22:20:07.815670+03:00
4002.SR,Mouwasat Medical Services Company,Tadawul,2020,2020-12-31,,,,,,2025-09-30 22:20:07.815670+03:00,2025-09-30 22:20:07.815670+03:00
4003.SR,United Electronics Company,Tadawul,2024,2024-12-31,6781200000.00,1558973000.00,527895000.00,277980000.00,216118000.00,2025-09-30 22:02:43.286469+03:00,2025-09-30 22:02:43.286469+03:00
4003.SR,United Electronics Company,Tadawul,2023,2023-12-31,6200688000.00,1361880000.00,390462000.00,195819000.00,131066000.00,2025-09-30 22:02:43.286469+03:00,2025-09-30 22:02:43.286469+03:00
4003.SR,United Electronics Company,Tadawul,2022,2022-12-31,6031066000.00,1265064000.00,440174000.00,-68259000.00,-172893000.00,2025-09-30 22:02:43.286469+03:00,2025-09-30 22:02:43.286469+03:00
4003.SR,United Electronics Company,Tadawul,2021,2021-12-31,5833628000.00,1183650000.00,396834000.00,-17041000.00,-65436000.00,2025-09-30 22:02:43.286469+03:00,2025-09-30 22:02:43.286469+03:00
4003.SR,United Electronics Company,Tadawul,2020,2020-12-31,,,,,,2025-09-30 22:02:43.286469+03:00,2025-09-30 22:02:43.286469+03:00
4004.SR,Dallah Healthcare Company,Tadawul,2024,2024-12-31,3205733994.00,1206839768.00,471202060.00,678287455.00,312971509.00,2025-09-30 22:20:12.322594+03:00,2025-09-30 22:20:12.322594+03:00
4004.SR,Dallah Healthcare Company,Tadawul,2023,2023-12-31,2942897701.00,1078673638.00,360122537.00,625783845.00,329125975.00,2025-09-30 22:20:12.322594+03:00,2025-09-30 22:20:12.322594+03:00
4004.SR,Dallah Healthcare Company,Tadawul,2022,2022-12-31,2487983135.00,895101842.00,274463823.00,442131337.00,267135861.00,2025-09-30 22:20:12.322594+03:00,2025-09-30 22:20:12.322594+03:00
4004.SR,Dallah Healthcare Company,Tadawul,2021,2021-12-31,2105179107.00,760363398.00,258601120.00,361549012.00,245859238.00,2025-09-30 22:20:12.322594+03:00,2025-09-30 22:20:12.322594+03:00
4004.SR,Dallah Healthcare Company,Tadawul,2020,2020-12-31,,,,,,2025-09-30 22:20:12.322594+03:00,2025-09-30 22:20:12.322594+03:00
4005.SR,National Medical Care Company,Tadawul,2024,2024-12-31,1293685328.00,454081921.00,298163666.00,244659526.00,-6580121.00,2025-09-30 22:20:03.275905+03:00,2025-09-30 22:20:03.275905+03:00
4005.SR,National Medical Care Company,Tadawul,2023,2023-12-31,1081783416.00,369633070.00,240927386.00,466736707.00,412171832.00,2025-09-30 22:20:03.275905+03:00,2025-09-30 22:20:03.275905+03:00
4005.SR,National Medical Care Company,Tadawul,2022,2022-12-31,917934901.00,289680517.00,170074845.00,216851454.00,5023551.00,2025-09-30 22:20:03.275905+03:00,2025-09-30 22:20:03.275905+03:00
4005.SR,National Medical Care Company,Tadawul,2021,2021-12-31,845380520.00,246469499.00,136356673.00,93802220.00,52879007.00,2025-09-30 22:20:03.275905+03:00,2025-09-30 22:20:03.275905+03:00
4005.SR,National Medical Care Company,Tadawul,2020,2020-12-31,,,,,,2025-09-30 22:20:03.275905+03:00,2025-09-30 22:20:03.275905+03:00
4006.SR,Saudi Marketing Company,Tadawul,2024,2024-12-31,1835212692.00,583637626.00,25429968.00,136634870.00,10596374.00,2025-09-30 22:03:09.271334+03:00,2025-09-30 22:03:09.271334+03:00
4006.SR,Saudi Marketing Company,Tadawul,2023,2023-12-31,1813405062.00,547283145.00,21791819.00,123635182.00,37626415.00,2025-09-30 22:03:09.271334+03:00,2025-09-30 22:03:09.271334+03:00
4006.SR,Saudi Marketing Company,Tadawul,2022,2022-12-31,1798679985.00,516594396.00,22826074.00,162492463.00,101096269.00,2025-09-30 22:03:09.271334+03:00,2025-09-30 22:03:09.271334+03:00
4006.SR,Saudi Marketing Company,Tadawul,2021,2021-12-31,1651397200.00,486871460.00,20773908.00,122122447.00,85428056.00,2025-09-30 22:03:09.271334+03:00,2025-09-30 22:03:09.271334+03:00
4007.SR,Al Hammadi Holding Company,Tadawul,2024,2024-12-31,1153880931.00,382454397.00,338800814.00,464072322.00,250398644.00,2025-09-30 22:20:17.046876+03:00,2025-09-30 22:20:17.046876+03:00
4007.SR,Al Hammadi Holding Company,Tadawul,2023,2023-12-31,1176763617.00,433144423.00,303330872.00,350953998.00,296171869.00,2025-09-30 22:20:17.046876+03:00,2025-09-30 22:20:17.046876+03:00
4007.SR,Al Hammadi Holding Company,Tadawul,2022,2022-12-31,1122397025.00,419671173.00,257336168.00,253309934.00,140700178.00,2025-09-30 22:20:17.046876+03:00,2025-09-30 22:20:17.046876+03:00
4007.SR,Al Hammadi Holding Company,Tadawul,2021,2021-12-31,951887495.00,364047367.00,90087837.00,434636025.00,419720591.00,2025-09-30 22:20:17.046876+03:00,2025-09-30 22:20:17.046876+03:00
4007.SR,Al Hammadi Holding Company,Tadawul,2020,2020-12-31,,,,,,2025-09-30 22:20:17.046876+03:00,2025-09-30 22:20:17.046876+03:00
4008.SR,Saudi Company for Hardware SACO,Tadawul,2024,2024-12-31,993640008.00,141482859.00,-14085949.00,-17688366.00,-37794434.00,2025-09-30 22:02:34.683438+03:00,2025-09-30 22:02:34.683438+03:00
4008.SR,Saudi Company for Hardware SACO,Tadawul,2023,2023-12-31,930119458.00,104094823.00,-68965603.00,114773576.00,101959073.00,2025-09-30 22:02:34.683438+03:00,2025-09-30 22:02:34.683438+03:00
4008.SR,Saudi Company for Hardware SACO,Tadawul,2022,2022-12-31,1136538153.00,67615887.00,-142500986.00,206300337.00,136482262.00,2025-09-30 22:02:34.683438+03:00,2025-09-30 22:02:34.683438+03:00
4008.SR,Saudi Company for Hardware SACO,Tadawul,2021,2021-12-31,1272503111.00,192737381.00,-28486961.00,88901700.00,-79552722.00,2025-09-30 22:02:34.683438+03:00,2025-09-30 22:02:34.683438+03:00
4008.SR,Saudi Company for Hardware SACO,Tadawul,2020,2020-12-31,,,,,,2025-09-30 22:02:34.683438+03:00,2025-09-30 22:02:34.683438+03:00
4009.SR,Middle East Healthcare Company,Tadawul,2024,2024-12-31,2882818291.00,1113896776.00,282001652.00,766001422.00,286681163.00,2025-09-30 22:20:21.537023+03:00,2025-09-30 22:20:21.537023+03:00
4009.SR,Middle East Healthcare Company,Tadawul,2023,2023-12-31,2653170475.00,1014410310.00,17038421.00,191083162.00,-41286018.00,2025-09-30 22:20:21.537023+03:00,2025-09-30 22:20:21.537023+03:00
4009.SR,Middle East Healthcare Company,Tadawul,2022,2022-12-31,2151743736.00,680008503.00,75182816.00,76023275.00,-173504185.00,2025-09-30 22:20:21.537023+03:00,2025-09-30 22:20:21.537023+03:00
4009.SR,Middle East Healthcare Company,Tadawul,2021,2021-12-31,1872620790.00,608180123.00,17201012.00,76621685.00,-340892605.00,2025-09-30 22:20:21.537023+03:00,2025-09-30 22:20:21.537023+03:00
4011.SR,L'azurde Company for Jewelry,Tadawul,2024,2024-12-31,2108489806.00,223030785.00,11700333.00,61642656.00,46442798.00,2025-09-30 22:00:36.166382+03:00,2025-09-30 22:00:36.166382+03:00
4011.SR,L'azurde Company for Jewelry,Tadawul,2023,2023-12-31,1864233575.00,247174107.00,30833786.00,57485715.00,38635798.00,2025-09-30 22:00:36.166382+03:00,2025-09-30 22:00:36.166382+03:00
4011.SR,L'azurde Company for Jewelry,Tadawul,2022,2022-12-31,1999626921.00,327043223.00,34161868.00,66713189.00,56126558.00,2025-09-30 22:00:36.166382+03:00,2025-09-30 22:00:36.166382+03:00
4011.SR,L'azurde Company for Jewelry,Tadawul,2021,2021-12-31,1971482405.00,307746451.00,22042833.00,78246198.00,64568148.00,2025-09-30 22:00:36.166382+03:00,2025-09-30 22:00:36.166382+03:00
4011.SR,L'azurde Company for Jewelry,Tadawul,2020,2020-12-31,,,,,,2025-09-30 22:00:36.166382+03:00,2025-09-30 22:00:36.166382+03:00
4012.SR,Thob Al Aseel Company,Tadawul,2024,2024-12-31,522463957.00,214963195.00,83903649.00,142583248.00,136797869.00,2025-09-30 22:00:27.503149+03:00,2025-09-30 22:00:27.503149+03:00
4012.SR,Thob Al Aseel Company,Tadawul,2023,2023-12-31,532222367.00,216784377.00,76915786.00,123196629.00,115144816.00,2025-09-30 22:00:27.503149+03:00,2025-09-30 22:00:27.503149+03:00
4012.SR,Thob Al Aseel Company,Tadawul,2022,2022-12-31,508801895.00,212209908.00,53436256.00,46936654.00,43622360.00,2025-09-30 22:00:27.503149+03:00,2025-09-30 22:00:27.503149+03:00
4012.SR,Thob Al Aseel Company,Tadawul,2021,2021-12-31,481898919.00,174511600.00,59730268.00,114576340.00,111879989.00,2025-09-30 22:00:27.503149+03:00,2025-09-30 22:00:27.503149+03:00
4013.SR,Dr. Sulaiman Al Habib Medical Services Group Company,Tadawul,2024,2024-12-31,11200434264.00,3744258398.00,2315290800.00,2970397894.00,-858191855.00,2025-09-30 22:19:57.963317+03:00,2025-09-30 22:19:57.963317+03:00
4013.SR,Dr. Sulaiman Al Habib Medical Services Group Company,Tadawul,2023,2023-12-31,9508438768.00,3270048068.00,2046013922.00,3244152629.00,-252740614.00,2025-09-30 22:19:57.963317+03:00,2025-09-30 22:19:57.963317+03:00
4013.SR,Dr. Sulaiman Al Habib Medical Services Group Company,Tadawul,2022,2022-12-31,8310738514.00,2748135218.00,1650750047.00,2843681235.00,1330316255.00,2025-09-30 22:19:57.963317+03:00,2025-09-30 22:19:57.963317+03:00
4013.SR,Dr. Sulaiman Al Habib Medical Services Group Company,Tadawul,2021,2021-12-31,7250472190.00,2330229460.00,1376615197.00,2182793127.00,929269467.00,2025-09-30 22:19:57.963317+03:00,2025-09-30 22:19:57.963317+03:00
4014.SR,Scientific and Medical Equipment House Company,Tadawul,2024,2024-12-31,877232651.00,133589378.00,26168089.00,285779614.00,281353810.00,2025-09-30 22:19:49.124124+03:00,2025-09-30 22:19:49.124124+03:00
4014.SR,Scientific and Medical Equipment House Company,Tadawul,2023,2023-12-31,776666162.00,129157019.00,40058545.00,-140635265.00,-155512540.00,2025-09-30 22:19:49.124124+03:00,2025-09-30 22:19:49.124124+03:00
4014.SR,Scientific and Medical Equipment House Company,Tadawul,2022,2022-12-31,713821099.00,154846902.00,17566594.00,146748852.00,128937116.00,2025-09-30 22:19:49.124124+03:00,2025-09-30 22:19:49.124124+03:00
4014.SR,Scientific and Medical Equipment House Company,Tadawul,2021,2021-12-31,699453092.00,152983573.00,77524475.00,-84722582.00,-84722582.00,2025-09-30 22:19:49.124124+03:00,2025-09-30 22:19:49.124124+03:00
4014.SR,Scientific and Medical Equipment House Company,Tadawul,2020,2020-12-31,,,,,,2025-09-30 22:19:49.124124+03:00,2025-09-30 22:19:49.124124+03:00
4015.SR,Jamjoom Pharmaceuticals Factory Company,Tadawul,2024,2024-12-31,1318476490.00,820502333.00,356524229.00,263301598.00,206305620.00,2025-09-30 22:20:38.659968+03:00,2025-09-30 22:20:38.659968+03:00
4015.SR,Jamjoom Pharmaceuticals Factory Company,Tadawul,2023,2023-12-31,1100819082.00,703788555.00,292400083.00,295915464.00,250140567.00,2025-09-30 22:20:38.659968+03:00,2025-09-30 22:20:38.659968+03:00
4015.SR,Jamjoom Pharmaceuticals Factory Company,Tadawul,2022,2022-12-31,916672111.00,593922736.00,171314162.00,229325821.00,141674993.00,2025-09-30 22:20:38.659968+03:00,2025-09-30 22:20:38.659968+03:00
4015.SR,Jamjoom Pharmaceuticals Factory Company,Tadawul,2021,2021-12-31,735682864.00,474693880.00,170695307.00,228923809.00,106158836.00,2025-09-30 22:20:38.659968+03:00,2025-09-30 22:20:38.659968+03:00
4015.SR,Jamjoom Pharmaceuticals Factory Company,Tadawul,2020,2020-12-31,,,,,,2025-09-30 22:20:38.659968+03:00,2025-09-30 22:20:38.659968+03:00
4016.SR,Middle East Pharmaceutical Industries Company,Tadawul,2024,2024-12-31,394000567.00,243362322.00,79848920.00,35295332.00,14343693.00,2025-09-30 22:20:44.469191+03:00,2025-09-30 22:20:44.469191+03:00
4016.SR,Middle East Pharmaceutical Industries Company,Tadawul,2023,2023-12-31,338439704.00,204024046.00,65827349.00,92659345.00,61689192.00,2025-09-30 22:20:44.469191+03:00,2025-09-30 22:20:44.469191+03:00
4017.SR,Dr. Soliman Abdel Kader Fakeeh ,Tadawul,2024,2024-12-31,2790880000.00,699039000.00,287551000.00,436103000.00,-88745000.00,2025-09-30 22:19:53.442166+03:00,2025-09-30 22:19:53.442166+03:00
4017.SR,Dr. Soliman Abdel Kader Fakeeh ,Tadawul,2023,2023-12-31,2326688000.00,616676000.00,279595000.00,228625000.00,-147888000.00,2025-09-30 22:19:53.442166+03:00,2025-09-30 22:19:53.442166+03:00
4020.SR,Saudi Real Estate Company,Tadawul,2024,2024-12-31,1987668000.00,709333000.00,215063000.00,735698000.00,562386000.00,2025-09-30 22:26:15.791466+03:00,2025-09-30 22:26:15.791466+03:00
4020.SR,Saudi Real Estate Company,Tadawul,2023,2023-12-31,1814225000.00,561134000.00,67634000.00,-87869000.00,-220710000.00,2025-09-30 22:26:15.791466+03:00,2025-09-30 22:26:15.791466+03:00
4020.SR,Saudi Real Estate Company,Tadawul,2022,2022-12-31,2051276000.00,456114000.00,110539000.00,-175029000.00,-185248000.00,2025-09-30 22:26:15.791466+03:00,2025-09-30 22:26:15.791466+03:00
4020.SR,Saudi Real Estate Company,Tadawul,2021,2021-12-31,1028841000.00,347496000.00,54909000.00,233963000.00,218585000.00,2025-09-30 22:26:15.791466+03:00,2025-09-30 22:26:15.791466+03:00
4020.SR,Saudi Real Estate Company,Tadawul,2020,2020-12-31,,,,,,2025-09-30 22:26:15.791466+03:00,2025-09-30 22:26:15.791466+03:00
4030.SR,The National Shipping Company of Saudi Arabia,Tadawul,2024,2024-12-31,9482387000.00,2363135000.00,2169392000.00,3405523000.00,-2073000000.00,2025-09-30 21:50:40.464966+03:00,2025-09-30 21:50:40.464966+03:00
4030.SR,The National Shipping Company of Saudi Arabia,Tadawul,2023,2023-12-31,8777500000.00,1915774000.00,1613428000.00,3560560000.00,1913340000.00,2025-09-30 21:50:40.464966+03:00,2025-09-30 21:50:40.464966+03:00
4030.SR,The National Shipping Company of Saudi Arabia,Tadawul,2022,2022-12-31,8582580000.00,1378128000.00,1040909000.00,1989531000.00,679179000.00,2025-09-30 21:50:40.464966+03:00,2025-09-30 21:50:40.464966+03:00
4030.SR,The National Shipping Company of Saudi Arabia,Tadawul,2021,2021-12-31,5351075000.00,433099000.00,192433000.00,805536000.00,-345428000.00,2025-09-30 21:50:40.464966+03:00,2025-09-30 21:50:40.464966+03:00
4031.SR,Saudi Ground Services Company,Tadawul,2024,2024-12-31,2683844000.00,620937000.00,327034000.00,495212000.00,318727000.00,2025-09-30 21:59:56.692281+03:00,2025-09-30 21:59:56.692281+03:00
4031.SR,Saudi Ground Services Company,Tadawul,2023,2023-12-31,2458888000.00,409012000.00,211477000.00,341952000.00,199398000.00,2025-09-30 21:59:56.692281+03:00,2025-09-30 21:59:56.692281+03:00
4031.SR,Saudi Ground Services Company,Tadawul,2022,2022-12-31,1977037000.00,159039000.00,-244488000.00,32042000.00,-29207000.00,2025-09-30 21:59:56.692281+03:00,2025-09-30 21:59:56.692281+03:00
4031.SR,Saudi Ground Services Company,Tadawul,2021,2021-12-31,1607933000.00,194979000.00,-254410000.00,-2294000.00,-95853000.00,2025-09-30 21:59:56.692281+03:00,2025-09-30 21:59:56.692281+03:00
4031.SR,Saudi Ground Services Company,Tadawul,2020,2020-12-31,,,,,,2025-09-30 21:59:56.692281+03:00,2025-09-30 21:59:56.692281+03:00
4040.SR,Saudi Public Transport Company,Tadawul,2024,2024-12-31,1459637000.00,303565000.00,-9628000.00,385621000.00,258646000.00,2025-09-30 22:00:18.323264+03:00,2025-09-30 22:00:18.323264+03:00
4040.SR,Saudi Public Transport Company,Tadawul,2023,2023-12-31,1569656000.00,275173000.00,-35584000.00,343009000.00,-125713000.00,2025-09-30 22:00:18.323264+03:00,2025-09-30 22:00:18.323264+03:00
4040.SR,Saudi Public Transport Company,Tadawul,2022,2022-12-31,1319467000.00,176083000.00,-90872000.00,789511000.00,587467000.00,2025-09-30 22:00:18.323264+03:00,2025-09-30 22:00:18.323264+03:00
4040.SR,Saudi Public Transport Company,Tadawul,2021,2021-12-31,960573000.00,2348000.00,-216188000.00,-175512000.00,-269356000.00,2025-09-30 22:00:18.323264+03:00,2025-09-30 22:00:18.323264+03:00
4040.SR,Saudi Public Transport Company,Tadawul,2020,2020-12-31,,,,,,2025-09-30 22:00:18.323264+03:00,2025-09-30 22:00:18.323264+03:00
4050.SR,Saudi Automotive Services Company,Tadawul,2024,2024-12-31,10186571683.00,289737006.00,44212614.00,650939862.00,276228280.00,2025-09-30 22:02:47.696873+03:00,2025-09-30 22:02:47.696873+03:00
4050.SR,Saudi Automotive Services Company,Tadawul,2023,2023-12-31,9112927440.00,300764483.00,114552035.00,502988042.00,259920624.00,2025-09-30 22:02:47.696873+03:00,2025-09-30 22:02:47.696873+03:00
4050.SR,Saudi Automotive Services Company,Tadawul,2022,2022-12-31,7852211128.00,258747528.00,75177274.00,619416036.00,432453795.00,2025-09-30 22:02:47.696873+03:00,2025-09-30 22:02:47.696873+03:00
4050.SR,Saudi Automotive Services Company,Tadawul,2021,2021-12-31,4061642625.00,159298320.00,50842979.00,402374776.00,207560987.00,2025-09-30 22:02:47.696873+03:00,2025-09-30 22:02:47.696873+03:00
4050.SR,Saudi Automotive Services Company,Tadawul,2020,2020-12-31,,,,,,2025-09-30 22:02:47.696873+03:00,2025-09-30 22:02:47.696873+03:00
4051.SR,Baazeem Trading Company,Tadawul,2024,2024-12-31,263366652.00,101890402.00,23305570.00,20046811.00,17490846.00,2025-09-30 22:02:21.347500+03:00,2025-09-30 22:02:21.347500+03:00
4051.SR,Baazeem Trading Company,Tadawul,2023,2023-12-31,257105584.00,98921654.00,21650725.00,22849513.00,22362175.00,2025-09-30 22:02:21.347500+03:00,2025-09-30 22:02:21.347500+03:00
4051.SR,Baazeem Trading Company,Tadawul,2022,2022-12-31,263353491.00,97881388.00,21775621.00,23015467.00,21929661.00,2025-09-30 22:02:21.347500+03:00,2025-09-30 22:02:21.347500+03:00
4051.SR,Baazeem Trading Company,Tadawul,2021,2021-12-31,259905021.00,96982739.00,21550718.00,17839841.00,15950727.00,2025-09-30 22:02:21.347500+03:00,2025-09-30 22:02:21.347500+03:00
4061.SR,Anaam International Holding Group Company,Tadawul,2024,2024-12-31,43874710.00,25937613.00,102528.00,-16604288.00,-20436656.00,2025-09-30 22:03:35.574374+03:00,2025-09-30 22:03:35.574374+03:00
4061.SR,Anaam International Holding Group Company,Tadawul,2023,2023-12-31,51155553.00,32859096.00,12136424.00,-7076784.00,-11616740.00,2025-09-30 22:03:35.574374+03:00,2025-09-30 22:03:35.574374+03:00
4061.SR,Anaam International Holding Group Company,Tadawul,2022,2022-12-31,28110908.00,13488297.00,-28319864.00,-15567376.00,-19352059.00,2025-09-30 22:03:35.574374+03:00,2025-09-30 22:03:35.574374+03:00
4061.SR,Anaam International Holding Group Company,Tadawul,2021,2021-12-31,7737793.00,2608076.00,3737711.00,-30164565.00,-32494987.00,2025-09-30 22:03:35.574374+03:00,2025-09-30 22:03:35.574374+03:00
4061.SR,Anaam International Holding Group Company,Tadawul,2020,2020-12-31,,,,,,2025-09-30 22:03:35.574374+03:00,2025-09-30 22:03:35.574374+03:00
4070.SR,"Tihama for Advertising, Public Relations and Marketing Company",Tadawul,2025,2025-03-31,66405936.00,24430566.00,-11731142.00,-84796067.00,-85292854.00,2025-09-30 22:02:08.116736+03:00,2025-09-30 22:02:08.116736+03:00
4070.SR,"Tihama for Advertising, Public Relations and Marketing Company",Tadawul,2024,2024-03-31,68105243.00,22717027.00,-56452177.00,-32713812.00,-41254875.00,2025-09-30 22:02:08.116736+03:00,2025-09-30 22:02:08.116736+03:00
4070.SR,"Tihama for Advertising, Public Relations and Marketing Company",Tadawul,2023,2023-03-31,81825301.00,31637151.00,-60496313.00,-11863502.00,-12380971.00,2025-09-30 22:02:08.116736+03:00,2025-09-30 22:02:08.116736+03:00
4070.SR,"Tihama for Advertising, Public Relations and Marketing Company",Tadawul,2022,2022-03-31,76384706.00,15232843.00,-35499986.00,-18433934.00,-21574396.00,2025-09-30 22:02:08.116736+03:00,2025-09-30 22:02:08.116736+03:00
4070.SR,"Tihama for Advertising, Public Relations and Marketing Company",Tadawul,2021,2021-03-31,,,,,,2025-09-30 22:02:08.116736+03:00,2025-09-30 22:02:08.116736+03:00
4071.SR,Arabian Contracting Services Company,Tadawul,2024,2024-12-31,1685865915.00,818577689.00,271288638.00,962695634.00,808031987.00,2025-09-30 22:01:59.610732+03:00,2025-09-30 22:01:59.610732+03:00
4071.SR,Arabian Contracting Services Company,Tadawul,2023,2023-12-31,1279860653.00,598171389.00,318237426.00,347753206.00,264287923.00,2025-09-30 22:01:59.610732+03:00,2025-09-30 22:01:59.610732+03:00
4071.SR,Arabian Contracting Services Company,Tadawul,2022,2022-12-31,1126182377.00,486989481.00,274699804.00,500595799.00,451457791.00,2025-09-30 22:01:59.610732+03:00,2025-09-30 22:01:59.610732+03:00
4071.SR,Arabian Contracting Services Company,Tadawul,2021,2021-12-31,720632537.00,330284381.00,206247959.00,207868766.00,129920563.00,2025-09-30 22:01:59.610732+03:00,2025-09-30 22:01:59.610732+03:00
4071.SR,Arabian Contracting Services Company,Tadawul,2020,2020-12-31,,,,,,2025-09-30 22:01:59.610732+03:00,2025-09-30 22:01:59.610732+03:00
4072.SR,MBC Group Co.,Tadawul,2024,2024-12-31,4196373000.00,1204176000.00,399962000.00,566544000.00,336817000.00,2025-09-30 22:02:03.849729+03:00,2025-09-30 22:02:03.849729+03:00
4072.SR,MBC Group Co.,Tadawul,2023,2023-12-31,1712062000.00,472999000.00,19020000.00,204050000.00,143139000.00,2025-09-30 22:02:03.849729+03:00,2025-09-30 22:02:03.849729+03:00
4080.SR,Sinad Holding Company,Tadawul,2024,2024-12-31,1753988853.00,514175698.00,-3874739.00,23638450.00,-9219892.00,2025-09-30 22:19:35.768986+03:00,2025-09-30 22:19:35.768986+03:00
4080.SR,Sinad Holding Company,Tadawul,2023,2023-12-31,1639831451.00,372656643.00,-132646446.00,13725499.00,-13385730.00,2025-09-30 22:19:35.768986+03:00,2025-09-30 22:19:35.768986+03:00
4080.SR,Sinad Holding Company,Tadawul,2022,2022-12-31,1757555333.00,496700191.00,10123556.00,-2885350.00,-50968732.00,2025-09-30 22:19:35.768986+03:00,2025-09-30 22:19:35.768986+03:00
4080.SR,Sinad Holding Company,Tadawul,2021,2021-12-31,1711312365.00,486088969.00,-63485897.00,-11974128.00,-42157082.00,2025-09-30 22:19:35.768986+03:00,2025-09-30 22:19:35.768986+03:00
4080.SR,Sinad Holding Company,Tadawul,2020,2020-12-31,,,,,,2025-09-30 22:19:35.768986+03:00,2025-09-30 22:19:35.768986+03:00
4081.SR,Nayifat Finance Company,Tadawul,2024,2024-12-31,319240000.00,,131236000.00,176378000.00,170813000.00,2025-09-30 22:21:43.316286+03:00,2025-09-30 22:21:43.316286+03:00
4081.SR,Nayifat Finance Company,Tadawul,2023,2023-12-31,346640000.00,,88714000.00,-39902000.00,-40816000.00,2025-09-30 22:21:43.316286+03:00,2025-09-30 22:21:43.316286+03:00
4081.SR,Nayifat Finance Company,Tadawul,2022,2022-12-31,364341000.00,,171457000.00,97343000.00,88689000.00,2025-09-30 22:21:43.316286+03:00,2025-09-30 22:21:43.316286+03:00
4081.SR,Nayifat Finance Company,Tadawul,2021,2021-12-31,372767000.00,,225088000.00,232707000.00,210749000.00,2025-09-30 22:21:43.316286+03:00,2025-09-30 22:21:43.316286+03:00
4081.SR,Nayifat Finance Company,Tadawul,2020,2020-12-31,,,,,,2025-09-30 22:21:43.316286+03:00,2025-09-30 22:21:43.316286+03:00
4082.SR,Morabaha Marina Financing Company,Tadawul,2024,2024-12-31,192855897.00,81050574.00,22740221.00,-34446300.00,-44950649.00,2025-09-30 22:21:52.724661+03:00,2025-09-30 22:21:52.724661+03:00
4082.SR,Morabaha Marina Financing Company,Tadawul,2023,2023-12-31,169417166.00,68337576.00,30968087.00,-72870281.00,-83503061.00,2025-09-30 22:21:52.724661+03:00,2025-09-30 22:21:52.724661+03:00
4082.SR,Morabaha Marina Financing Company,Tadawul,2022,2022-12-31,158114983.00,88189055.00,44980627.00,-67357631.00,-75680233.00,2025-09-30 22:21:52.724661+03:00,2025-09-30 22:21:52.724661+03:00
4082.SR,Morabaha Marina Financing Company,Tadawul,2021,2021-12-31,133619550.00,84613980.00,40881246.00,-61166868.00,-62443059.00,2025-09-30 22:21:52.724661+03:00,2025-09-30 22:21:52.724661+03:00
4083.SR,United International Holding Company,Tadawul,2024,2024-12-31,623672868.00,527891397.00,222384355.00,-323210185.00,-328573053.00,2025-09-30 22:21:29.812520+03:00,2025-09-30 22:21:29.812520+03:00
4083.SR,United International Holding Company,Tadawul,2023,2023-12-31,523854144.00,433404236.00,212164631.00,-103864562.00,-109121900.00,2025-09-30 22:21:29.812520+03:00,2025-09-30 22:21:29.812520+03:00
4090.SR,Taiba Investment Company,Tadawul,2024,2024-12-31,1315282488.00,558570863.00,333724736.00,643358927.00,613570858.00,2025-09-30 22:26:20.244949+03:00,2025-09-30 22:26:20.244949+03:00
4090.SR,Taiba Investment Company,Tadawul,2023,2023-12-31,536406532.00,343081263.00,109161022.00,318430554.00,274333875.00,2025-09-30 22:26:20.244949+03:00,2025-09-30 22:26:20.244949+03:00
4090.SR,Taiba Investment Company,Tadawul,2022,2022-12-31,330283906.00,188983689.00,139570012.00,207916241.00,151790615.00,2025-09-30 22:26:20.244949+03:00,2025-09-30 22:26:20.244949+03:00
4090.SR,Taiba Investment Company,Tadawul,2021,2021-12-31,129091861.00,43720292.00,-117294908.00,-50253400.00,-202685106.00,2025-09-30 22:26:20.244949+03:00,2025-09-30 22:26:20.244949+03:00
4090.SR,Taiba Investment Company,Tadawul,2020,2020-12-31,,,,,,2025-09-30 22:26:20.244949+03:00,2025-09-30 22:26:20.244949+03:00
4100.SR,Makkah Construction and Development Company,Tadawul,2024,2024-12-31,836040336.00,472335610.00,411041500.00,333064609.00,298325490.00,2025-09-30 22:43:18.730836+03:00,2025-09-30 22:43:18.730836+03:00
4100.SR,Makkah Construction and Development Company,Tadawul,2023,2023-12-31,730913542.00,403292396.00,334234764.00,386524689.00,344134804.00,2025-09-30 22:43:18.730836+03:00,2025-09-30 22:43:18.730836+03:00
4100.SR,Makkah Construction and Development Company,Tadawul,2022,2022-12-31,461348095.00,294138593.00,155586497.00,198265771.00,198265771.00,2025-09-30 22:43:18.730836+03:00,2025-09-30 22:43:18.730836+03:00
4100.SR,Makkah Construction and Development Company,Tadawul,2021,2021-01-31,,47559073.00,,,,2025-09-30 22:43:18.730836+03:00,2025-09-30 22:43:18.730836+03:00
4110.SR,Batic Investments and Logistics Company,Tadawul,2024,2024-12-31,482208372.00,61530600.00,-56556790.00,101837996.00,56296953.00,2025-09-30 21:58:59.906729+03:00,2025-09-30 21:58:59.906729+03:00
4110.SR,Batic Investments and Logistics Company,Tadawul,2023,2023-12-31,480572141.00,57433469.00,-13890857.00,82267009.00,15995106.00,2025-09-30 21:58:59.906729+03:00,2025-09-30 21:58:59.906729+03:00
4110.SR,Batic Investments and Logistics Company,Tadawul,2022,2022-12-31,427495117.00,43154230.00,-30837648.00,76757648.00,37887347.00,2025-09-30 21:58:59.906729+03:00,2025-09-30 21:58:59.906729+03:00
4110.SR,Batic Investments and Logistics Company,Tadawul,2021,2021-12-31,474828927.00,48410449.00,-9649264.00,57294116.00,23690275.00,2025-09-30 21:58:59.906729+03:00,2025-09-30 21:58:59.906729+03:00
4110.SR,Batic Investments and Logistics Company,Tadawul,2020,2020-12-31,,,,,,2025-09-30 21:58:59.906729+03:00,2025-09-30 21:58:59.906729+03:00
4130.SR,Darb Saudi Investment Company,Tadawul,2024,2024-12-31,18098518.00,13603096.00,8375608.00,7961611.00,7961611.00,2025-09-30 22:22:10.262267+03:00,2025-09-30 22:22:10.262267+03:00
4130.SR,Darb Saudi Investment Company,Tadawul,2023,2023-12-31,16061894.00,11673047.00,3496076.00,9772445.00,9428696.00,2025-09-30 22:22:10.262267+03:00,2025-09-30 22:22:10.262267+03:00
4130.SR,Darb Saudi Investment Company,Tadawul,2022,2022-12-31,11516628.00,5820245.00,-7975100.00,-17643726.00,-17738425.00,2025-09-30 22:22:10.262267+03:00,2025-09-30 22:22:10.262267+03:00
4130.SR,Darb Saudi Investment Company,Tadawul,2021,2021-12-31,11405811.00,6374093.00,-8343826.00,5526103.00,5209300.00,2025-09-30 22:22:10.262267+03:00,2025-09-30 22:22:10.262267+03:00
4130.SR,Darb Saudi Investment Company,Tadawul,2020,2020-12-31,,,,,,2025-09-30 22:22:10.262267+03:00,2025-09-30 22:22:10.262267+03:00
4140.SR,Saudi Industrial Export Company,Tadawul,2024,2024-12-31,22976364.00,-2954229.00,-19566893.00,-20609628.00,-20872334.00,2025-09-30 21:59:04.124041+03:00,2025-09-30 21:59:04.124041+03:00
4140.SR,Saudi Industrial Export Company,Tadawul,2023,2023-12-31,13233505.00,-334532.00,-15604475.00,-19245777.00,-19306586.00,2025-09-30 21:59:04.124041+03:00,2025-09-30 21:59:04.124041+03:00
4140.SR,Saudi Industrial Export Company,Tadawul,2022,2022-12-31,266530.00,243610.00,-21093008.00,-25222018.00,-25345966.00,2025-09-30 21:59:04.124041+03:00,2025-09-30 21:59:04.124041+03:00
4140.SR,Saudi Industrial Export Company,Tadawul,2021,2021-12-31,15791391.00,2019847.00,-14883172.00,-2160830.00,-2303029.00,2025-09-30 21:59:04.124041+03:00,2025-09-30 21:59:04.124041+03:00
4140.SR,Saudi Industrial Export Company,Tadawul,2020,2020-12-31,,,,,,2025-09-30 21:59:04.124041+03:00,2025-09-30 21:59:04.124041+03:00
4141.SR,Al-Omran Industrial Trading Company,Tadawul,2024,2024-12-31,141961506.00,27294688.00,-3523471.00,20001932.00,-813.00,2025-09-30 21:59:17.630245+03:00,2025-09-30 21:59:17.630245+03:00
4141.SR,Al-Omran Industrial Trading Company,Tadawul,2023,2023-12-31,130438494.00,19534806.00,-13906393.00,-7846076.00,-7892368.00,2025-09-30 21:59:17.630245+03:00,2025-09-30 21:59:17.630245+03:00
4141.SR,Al-Omran Industrial Trading Company,Tadawul,2022,2022-12-31,126933111.00,34684629.00,5791528.00,8953844.00,8446997.00,2025-09-30 21:59:17.630245+03:00,2025-09-30 21:59:17.630245+03:00
4141.SR,Al-Omran Industrial Trading Company,Tadawul,2021,2021-12-31,135240507.00,36846874.00,9934641.00,2097315.00,870720.00,2025-09-30 21:59:17.630245+03:00,2025-09-30 21:59:17.630245+03:00
4141.SR,Al-Omran Industrial Trading Company,Tadawul,2020,2020-12-31,,,,,,2025-09-30 21:59:17.630245+03:00,2025-09-30 21:59:17.630245+03:00
4142.SR,Riyadh Cables Group Company,Tadawul,2024,2024-12-31,9007360867.00,1286522351.00,816689852.00,871723016.00,676737179.00,2025-09-30 21:58:16.468621+03:00,2025-09-30 21:58:16.468621+03:00
4142.SR,Riyadh Cables Group Company,Tadawul,2023,2023-12-31,7825378127.00,972763438.00,518769603.00,1341774333.00,1187110661.00,2025-09-30 21:58:16.468621+03:00,2025-09-30 21:58:16.468621+03:00
4142.SR,Riyadh Cables Group Company,Tadawul,2022,2022-12-31,6852306557.00,647101173.00,352319866.00,184801096.00,133687860.00,2025-09-30 21:58:16.468621+03:00,2025-09-30 21:58:16.468621+03:00
4142.SR,Riyadh Cables Group Company,Tadawul,2021,2021-12-31,4883443882.00,463082987.00,239832593.00,-208437643.00,-277730286.00,2025-09-30 21:58:16.468621+03:00,2025-09-30 21:58:16.468621+03:00
4142.SR,Riyadh Cables Group Company,Tadawul,2020,2020-12-31,,,,,,2025-09-30 21:58:16.468621+03:00,2025-09-30 21:58:16.468621+03:00
4143.SR,Al Taiseer Group TALCO Industrial Company,Tadawul,2024,2024-12-31,706507054.00,158893097.00,82646390.00,81163528.00,65576245.00,2025-09-30 21:51:07.101515+03:00,2025-09-30 21:51:07.101515+03:00
4143.SR,Al Taiseer Group TALCO Industrial Company,Tadawul,2023,2023-12-31,677860475.00,147131403.00,80126183.00,72124112.00,57298488.00,2025-09-30 21:51:07.101515+03:00,2025-09-30 21:51:07.101515+03:00
4144.SR,Raoom Trading Co.,Tadawul,2024,2024-12-31,116037303.00,37059683.00,42855291.00,26743924.00,19352792.00,2025-09-30 21:59:13.291397+03:00,2025-09-30 21:59:13.291397+03:00
4144.SR,Raoom Trading Co.,Tadawul,2023,2023-12-31,135041376.00,42566478.00,46575187.00,39419782.00,32427058.00,2025-09-30 21:59:13.291397+03:00,2025-09-30 21:59:13.291397+03:00
4144.SR,Raoom Trading Co.,Tadawul,2022,2022-12-31,135229032.00,43708463.00,30743382.00,49351520.00,49351520.00,2025-09-30 21:59:13.291397+03:00,2025-09-30 21:59:13.291397+03:00
4144.SR,Raoom Trading Co.,Tadawul,2021,2021-12-31,110191981.00,37995522.00,24882353.00,19138765.00,19138765.00,2025-09-30 21:59:13.291397+03:00,2025-09-30 21:59:13.291397+03:00
4145.SR,Al Obeikan Glass Company,Tadawul,2024,2024-12-31,327114634.00,105057117.00,1318003.00,42537905.00,-27829820.00,2025-09-30 21:59:08.724280+03:00,2025-09-30 21:59:08.724280+03:00
4145.SR,Al Obeikan Glass Company,Tadawul,2023,2023-12-31,393982137.00,149700926.00,67664553.00,140817460.00,115197986.00,2025-09-30 21:59:08.724280+03:00,2025-09-30 21:59:08.724280+03:00
4145.SR,Al Obeikan Glass Company,Tadawul,2022,2022-12-31,502179542.00,256195414.00,177647740.00,124608273.00,105235235.00,2025-09-30 21:59:08.724280+03:00,2025-09-30 21:59:08.724280+03:00
4145.SR,Al Obeikan Glass Company,Tadawul,2021,2021-12-31,463236025.00,251447980.00,173681580.00,171570721.00,157378970.00,2025-09-30 21:59:08.724280+03:00,2025-09-30 21:59:08.724280+03:00
4150.SR,Arriyadh Development Co.,Tadawul,2024,2024-12-31,321517468.00,199953924.00,296196445.00,66458141.00,55103625.00,2025-09-30 22:26:29.016287+03:00,2025-09-30 22:26:29.016287+03:00
4150.SR,Arriyadh Development Co.,Tadawul,2023,2023-12-31,339185405.00,216210554.00,271539533.00,225795352.00,219910654.00,2025-09-30 22:26:29.016287+03:00,2025-09-30 22:26:29.016287+03:00
4150.SR,Arriyadh Development Co.,Tadawul,2022,2022-12-31,258897034.00,170184814.00,300356265.00,112038749.00,104520112.00,2025-09-30 22:26:29.016287+03:00,2025-09-30 22:26:29.016287+03:00
4150.SR,Arriyadh Development Co.,Tadawul,2021,2021-12-31,250912214.00,172832128.00,318309495.00,144061583.00,141295676.00,2025-09-30 22:26:29.016287+03:00,2025-09-30 22:26:29.016287+03:00
4150.SR,Arriyadh Development Co.,Tadawul,2020,2020-12-31,,,,,,2025-09-30 22:26:29.016287+03:00,2025-09-30 22:26:29.016287+03:00
4160.SR,Thimar Development Holding Company,Tadawul,2024,2024-12-31,1794000.00,1794000.00,-8013419.00,-18427646.00,-19507967.00,2025-09-30 22:03:04.893955+03:00,2025-09-30 22:03:04.893955+03:00
4160.SR,Thimar Development Holding Company,Tadawul,2023,2023-12-31,0.00,0.00,-6530218.00,-63556929.00,-63570526.00,2025-09-30 22:03:04.893955+03:00,2025-09-30 22:03:04.893955+03:00
4160.SR,Thimar Development Holding Company,Tadawul,2022,2022-12-31,0.00,0.00,-2955601.00,-608178.00,-634526.00,2025-09-30 22:03:04.893955+03:00,2025-09-30 22:03:04.893955+03:00
4160.SR,Thimar Development Holding Company,Tadawul,2021,2021-12-31,425304.00,14661.00,-162451394.00,-1841440.00,-1843280.00,2025-09-30 22:03:04.893955+03:00,2025-09-30 22:03:04.893955+03:00
4160.SR,Thimar Development Holding Company,Tadawul,2020,2020-12-31,,,,,,2025-09-30 22:03:04.893955+03:00,2025-09-30 22:03:04.893955+03:00
4161.SR,BinDawood Holding Company,Tadawul,2024,2024-12-31,5677685762.00,1893784751.00,272158318.00,948266074.00,695244382.00,2025-09-30 22:03:31.145414+03:00,2025-09-30 22:03:31.145414+03:00
4161.SR,BinDawood Holding Company,Tadawul,2023,2023-12-31,5602927344.00,1809787003.00,276531287.00,760970778.00,529848791.00,2025-09-30 22:03:31.145414+03:00,2025-09-30 22:03:31.145414+03:00
4161.SR,BinDawood Holding Company,Tadawul,2022,2022-12-31,4897027199.00,1437071445.00,118654833.00,746201013.00,610904881.00,2025-09-30 22:03:31.145414+03:00,2025-09-30 22:03:31.145414+03:00
4161.SR,BinDawood Holding Company,Tadawul,2021,2021-12-31,4382169554.00,1438916272.00,240563746.00,599071360.00,513708249.00,2025-09-30 22:03:31.145414+03:00,2025-09-30 22:03:31.145414+03:00
4161.SR,BinDawood Holding Company,Tadawul,2020,2020-12-31,,,,,,2025-09-30 22:03:31.145414+03:00,2025-09-30 22:03:31.145414+03:00
4162.SR,Almunajem Foods Company,Tadawul,2024,2024-12-31,3346984084.00,566424452.00,278652929.00,261010179.00,209309776.00,2025-09-30 22:03:18.030778+03:00,2025-09-30 22:03:18.030778+03:00
4162.SR,Almunajem Foods Company,Tadawul,2023,2023-12-31,3314403329.00,582306928.00,282213242.00,422757707.00,397963604.00,2025-09-30 22:03:18.030778+03:00,2025-09-30 22:03:18.030778+03:00
4162.SR,Almunajem Foods Company,Tadawul,2022,2022-12-31,2978522624.00,583259997.00,290201821.00,241027127.00,226728470.00,2025-09-30 22:03:18.030778+03:00,2025-09-30 22:03:18.030778+03:00
4162.SR,Almunajem Foods Company,Tadawul,2021,2021-12-31,2577023654.00,441373963.00,166091980.00,230883844.00,198231941.00,2025-09-30 22:03:18.030778+03:00,2025-09-30 22:03:18.030778+03:00
4163.SR,Al-Dawaa Medical Services Company,Tadawul,2024,2024-12-31,6450936245.00,2293071121.00,370105462.00,683330305.00,454592654.00,2025-09-30 22:03:26.709437+03:00,2025-09-30 22:03:26.709437+03:00
4163.SR,Al-Dawaa Medical Services Company,Tadawul,2023,2023-12-31,5741364066.00,2106618932.00,329223377.00,725745826.00,502132667.00,2025-09-30 22:03:26.709437+03:00,2025-09-30 22:03:26.709437+03:00
4163.SR,Al-Dawaa Medical Services Company,Tadawul,2022,2022-12-31,5372242509.00,2019598493.00,305448633.00,777513745.00,489955333.00,2025-09-30 22:03:26.709437+03:00,2025-09-30 22:03:26.709437+03:00
4163.SR,Al-Dawaa Medical Services Company,Tadawul,2021,2021-12-31,5034381999.00,1894403971.00,239144980.00,670140538.00,349973656.00,2025-09-30 22:03:26.709437+03:00,2025-09-30 22:03:26.709437+03:00
4164.SR,Nahdi Medical Company,Tadawul,2024,2024-12-31,9446420046.00,3532866388.00,820723624.00,1491354483.00,1106856201.00,2025-09-30 22:03:22.308456+03:00,2025-09-30 22:03:22.308456+03:00
4164.SR,Nahdi Medical Company,Tadawul,2023,2023-12-31,8713675990.00,3522243657.00,892618140.00,1316026804.00,931516263.00,2025-09-30 22:03:22.308456+03:00,2025-09-30 22:03:22.308456+03:00
4164.SR,Nahdi Medical Company,Tadawul,2022,2022-12-31,8616187816.00,3545391208.00,887811814.00,1667871281.00,1392638173.00,2025-09-30 22:03:22.308456+03:00,2025-09-30 22:03:22.308456+03:00
4164.SR,Nahdi Medical Company,Tadawul,2021,2021-12-31,8066215379.00,3304681115.00,812528628.00,1333970467.00,1027503824.00,2025-09-30 22:03:22.308456+03:00,2025-09-30 22:03:22.308456+03:00
4165.SR,Al Majed Oud Co.,Tadawul,2024,2024-12-31,926002004.00,609695505.00,156958529.00,220629945.00,177648951.00,2025-09-30 22:27:52.813764+03:00,2025-09-30 22:27:52.813764+03:00
4165.SR,Al Majed Oud Co.,Tadawul,2023,2023-12-31,772457166.00,512867292.00,148677253.00,169277441.00,111084039.00,2025-09-30 22:27:52.813764+03:00,2025-09-30 22:27:52.813764+03:00
4170.SR,Tourism Enterprise Company (Shams),Tadawul,2024,2024-12-31,9977550.00,1063294.00,6367340.00,12451982.00,11908756.00,2025-09-30 22:01:02.379701+03:00,2025-09-30 22:01:02.379701+03:00
4170.SR,Tourism Enterprise Company (Shams),Tadawul,2023,2023-12-31,9606648.00,-4165255.00,-44196274.00,11150866.00,6967411.00,2025-09-30 22:01:02.379701+03:00,2025-09-30 22:01:02.379701+03:00
4170.SR,Tourism Enterprise Company (Shams),Tadawul,2022,2022-12-31,10152564.00,-421290.00,-7232908.00,1498529.00,-6091441.00,2025-09-30 22:01:02.379701+03:00,2025-09-30 22:01:02.379701+03:00
4170.SR,Tourism Enterprise Company (Shams),Tadawul,2021,2021-12-31,15975723.00,5146584.00,-14036427.00,952109.00,-2459588.00,2025-09-30 22:01:02.379701+03:00,2025-09-30 22:01:02.379701+03:00
4170.SR,Tourism Enterprise Company (Shams),Tadawul,2020,2020-12-31,,,,,,2025-09-30 22:01:02.379701+03:00,2025-09-30 22:01:02.379701+03:00
4180.SR,Fitaihi Holding Group,Tadawul,2024,2024-12-31,42134894.00,17229530.00,14515058.00,-8489210.00,-11488054.00,2025-09-30 22:00:40.494645+03:00,2025-09-30 22:00:40.494645+03:00
4180.SR,Fitaihi Holding Group,Tadawul,2023,2023-12-31,45721144.00,20756377.00,5207720.00,-8827753.00,-9086214.00,2025-09-30 22:00:40.494645+03:00,2025-09-30 22:00:40.494645+03:00
4180.SR,Fitaihi Holding Group,Tadawul,2022,2022-12-31,53346735.00,19424056.00,-31865495.00,3639047.00,3441357.00,2025-09-30 22:00:40.494645+03:00,2025-09-30 22:00:40.494645+03:00
4180.SR,Fitaihi Holding Group,Tadawul,2021,2021-12-31,52669793.00,4968830.00,149638380.00,-14080312.00,-14265309.00,2025-09-30 22:00:40.494645+03:00,2025-09-30 22:00:40.494645+03:00
4180.SR,Fitaihi Holding Group,Tadawul,2020,2020-12-31,,,,,,2025-09-30 22:00:40.494645+03:00,2025-09-30 22:00:40.494645+03:00
4190.SR,Jarir Marketing Company,Tadawul,2024,2024-12-31,10830921000.00,1324459000.00,973955000.00,1113808000.00,1051090000.00,2025-09-30 22:02:51.984371+03:00,2025-09-30 22:02:51.984371+03:00
4190.SR,Jarir Marketing Company,Tadawul,2023,2023-12-31,10594919000.00,1275928000.00,973043000.00,688807000.00,645521000.00,2025-09-30 22:02:51.984371+03:00,2025-09-30 22:02:51.984371+03:00
4190.SR,Jarir Marketing Company,Tadawul,2022,2022-12-31,9391699000.00,1287379000.00,969761000.00,998600000.00,948097000.00,2025-09-30 22:02:51.984371+03:00,2025-09-30 22:02:51.984371+03:00
4190.SR,Jarir Marketing Company,Tadawul,2021,2021-12-31,9088260000.00,1229330000.00,991858000.00,1427683000.00,1358078000.00,2025-09-30 22:02:51.984371+03:00,2025-09-30 22:02:51.984371+03:00
4190.SR,Jarir Marketing Company,Tadawul,2020,2020-12-31,,,,,,2025-09-30 22:02:51.984371+03:00,2025-09-30 22:02:51.984371+03:00
4191.SR,Abdullah Saad Mohammed Abo Moati for Bookstores Company,Tadawul,2025,2025-03-31,264818853.00,79338319.00,22129415.00,18516471.00,14840587.00,2025-09-30 22:02:39.033790+03:00,2025-09-30 22:02:39.033790+03:00
4191.SR,Abdullah Saad Mohammed Abo Moati for Bookstores Company,Tadawul,2024,2024-03-31,270489551.00,76411632.00,26936557.00,42024945.00,-3101937.00,2025-09-30 22:02:39.033790+03:00,2025-09-30 22:02:39.033790+03:00
4191.SR,Abdullah Saad Mohammed Abo Moati for Bookstores Company,Tadawul,2023,2023-03-31,314377131.00,80404565.00,16916216.00,66089056.00,62321254.00,2025-09-30 22:02:39.033790+03:00,2025-09-30 22:02:39.033790+03:00
4191.SR,Abdullah Saad Mohammed Abo Moati for Bookstores Company,Tadawul,2022,2022-03-31,282295052.00,64859979.00,15102972.00,43298335.00,39632607.00,2025-09-30 22:02:39.033790+03:00,2025-09-30 22:02:39.033790+03:00
4192.SR,Al-Saif Stores for Development & Investment Company,Tadawul,2024,2024-12-31,731551279.00,112950972.00,37539556.00,201769529.00,168915813.00,2025-09-30 22:02:25.706941+03:00,2025-09-30 22:02:25.706941+03:00
4192.SR,Al-Saif Stores for Development & Investment Company,Tadawul,2023,2023-12-31,719780100.00,184673008.00,98186736.00,-8739239.00,-79252796.00,2025-09-30 22:02:25.706941+03:00,2025-09-30 22:02:25.706941+03:00
4192.SR,Al-Saif Stores for Development & Investment Company,Tadawul,2022,2022-12-31,739107713.00,206257722.00,129765732.00,162877159.00,108524789.00,2025-09-30 22:02:25.706941+03:00,2025-09-30 22:02:25.706941+03:00
4192.SR,Al-Saif Stores for Development & Investment Company,Tadawul,2021,2021-12-31,825288695.00,275528026.00,184884412.00,161368880.00,129980913.00,2025-09-30 22:02:25.706941+03:00,2025-09-30 22:02:25.706941+03:00
4200.SR,Aldrees Petroleum and Transport Services Company,Tadawul,2024,2024-12-31,19288553013.00,811218990.00,338047048.00,1397899452.00,970055049.00,2025-09-30 22:02:56.225544+03:00,2025-09-30 22:02:56.225544+03:00
4200.SR,Aldrees Petroleum and Transport Services Company,Tadawul,2023,2023-12-31,14834059328.00,680853506.00,280814473.00,974085681.00,459563702.00,2025-09-30 22:02:56.225544+03:00,2025-09-30 22:02:56.225544+03:00
4200.SR,Aldrees Petroleum and Transport Services Company,Tadawul,2022,2022-12-31,12356078987.00,594561647.00,241826918.00,772759064.00,369436575.00,2025-09-30 22:02:56.225544+03:00,2025-09-30 22:02:56.225544+03:00
4200.SR,Aldrees Petroleum and Transport Services Company,Tadawul,2021,2021-12-31,9109614772.00,451442652.00,176804966.00,899287930.00,659485700.00,2025-09-30 22:02:56.225544+03:00,2025-09-30 22:02:56.225544+03:00
4200.SR,Aldrees Petroleum and Transport Services Company,Tadawul,2020,2020-12-31,,,,,,2025-09-30 22:02:56.225544+03:00,2025-09-30 22:02:56.225544+03:00
4210.SR,Saudi Research and Media Group,Tadawul,2024,2024-12-31,3263352508.00,855570607.00,201690449.00,239272086.00,63161065.00,2025-09-30 22:02:12.646348+03:00,2025-09-30 22:02:12.646348+03:00
4210.SR,Saudi Research and Media Group,Tadawul,2023,2023-12-31,3746229929.00,1147300908.00,559620553.00,-704169489.00,-966222344.00,2025-09-30 22:02:12.646348+03:00,2025-09-30 22:02:12.646348+03:00
4210.SR,Saudi Research and Media Group,Tadawul,2022,2022-12-31,3709838682.00,1252773942.00,648791550.00,503287664.00,257624692.00,2025-09-30 22:02:12.646348+03:00,2025-09-30 22:02:12.646348+03:00
4210.SR,Saudi Research and Media Group,Tadawul,2021,2021-12-31,3045974177.00,1082139996.00,537019653.00,1413085663.00,1252141425.00,2025-09-30 22:02:12.646348+03:00,2025-09-30 22:02:12.646348+03:00
4210.SR,Saudi Research and Media Group,Tadawul,2020,2020-12-31,,,,,,2025-09-30 22:02:12.646348+03:00,2025-09-30 22:02:12.646348+03:00
4220.SR,Emaar The Economic City,Tadawul,2024,2024-12-31,425970000.00,-118548000.00,-1134565000.00,-238503000.00,-495375000.00,2025-09-30 22:26:33.486359+03:00,2025-09-30 22:26:33.486359+03:00
4220.SR,Emaar The Economic City,Tadawul,2023,2023-12-31,1031357000.00,431632000.00,-253220000.00,-344757000.00,-398616000.00,2025-09-30 22:26:33.486359+03:00,2025-09-30 22:26:33.486359+03:00
4220.SR,Emaar The Economic City,Tadawul,2022,2022-12-31,363267000.00,-231596000.00,-1157290000.00,-227421000.00,-230605000.00,2025-09-30 22:26:33.486359+03:00,2025-09-30 22:26:33.486359+03:00
4220.SR,Emaar The Economic City,Tadawul,2021,2021-12-31,372079000.00,-237055000.00,-836529000.00,142909000.00,132816000.00,2025-09-30 22:26:33.486359+03:00,2025-09-30 22:26:33.486359+03:00
4220.SR,Emaar The Economic City,Tadawul,2020,2020-12-31,,,,,,2025-09-30 22:26:33.486359+03:00,2025-09-30 22:26:33.486359+03:00
4230.SR,Red Sea International Company,Tadawul,2024,2024-12-31,2984238000.00,347045000.00,-62365000.00,-36260000.00,-82147000.00,2025-09-30 22:27:21.924216+03:00,2025-09-30 22:27:21.924216+03:00
4230.SR,Red Sea International Company,Tadawul,2023,2023-12-31,1378489000.00,109599000.00,-48015000.00,19678000.00,9287000.00,2025-09-30 22:27:21.924216+03:00,2025-09-30 22:27:21.924216+03:00
4230.SR,Red Sea International Company,Tadawul,2022,2022-12-31,404207000.00,-56596000.00,-196132000.00,10772000.00,9320000.00,2025-09-30 22:27:21.924216+03:00,2025-09-30 22:27:21.924216+03:00
4230.SR,Red Sea International Company,Tadawul,2021,2021-12-31,468201000.00,-28344000.00,-130439000.00,-10490000.00,-11163000.00,2025-09-30 22:27:21.924216+03:00,2025-09-30 22:27:21.924216+03:00
4230.SR,Red Sea International Company,Tadawul,2020,2020-12-31,,,,,,2025-09-30 22:27:21.924216+03:00,2025-09-30 22:27:21.924216+03:00
4240.SR,Fawaz Abdulaziz Al Hokair & Company,Tadawul,2024,2024-12-31,4844508690.00,631522370.00,-203538578.00,1336276510.00,1117110662.00,2025-09-30 22:03:00.567320+03:00,2025-09-30 22:03:00.567320+03:00
4240.SR,Fawaz Abdulaziz Al Hokair & Company,Tadawul,2023,2023-12-31,4671223197.00,596720345.00,-1177762076.00,1384332800.00,1067769718.00,2025-09-30 22:03:00.567320+03:00,2025-09-30 22:03:00.567320+03:00
4240.SR,Fawaz Abdulaziz Al Hokair & Company,Tadawul,2022,2022-03-31,4528369161.00,809473591.00,85477270.00,1112448838.00,805841141.00,2025-09-30 22:03:00.567320+03:00,2025-09-30 22:03:00.567320+03:00
4240.SR,Fawaz Abdulaziz Al Hokair & Company,Tadawul,2021,2021-03-31,4232513102.00,-88300880.00,-1090753102.00,702258878.00,474366403.00,2025-09-30 22:03:00.567320+03:00,2025-09-30 22:03:00.567320+03:00
4250.SR,Jabal Omar Development Company,Tadawul,2024,2024-12-31,1901395000.00,607779000.00,200090000.00,-392381000.00,-679588000.00,2025-09-30 22:26:37.764527+03:00,2025-09-30 22:26:37.764527+03:00
4250.SR,Jabal Omar Development Company,Tadawul,2023,2023-12-31,1326723000.00,401050000.00,37480000.00,-349454000.00,-1130544000.00,2025-09-30 22:26:37.764527+03:00,2025-09-30 22:26:37.764527+03:00
4250.SR,Jabal Omar Development Company,Tadawul,2022,2022-12-31,849501000.00,29467000.00,-352430000.00,-165932000.00,-1381602000.00,2025-09-30 22:26:37.764527+03:00,2025-09-30 22:26:37.764527+03:00
4250.SR,Jabal Omar Development Company,Tadawul,2021,2021-12-31,310359000.00,-224635000.00,946206000.00,-824276000.00,-1282336000.00,2025-09-30 22:26:37.764527+03:00,2025-09-30 22:26:37.764527+03:00
4250.SR,Jabal Omar Development Company,Tadawul,2020,2020-12-31,,,,,,2025-09-30 22:26:37.764527+03:00,2025-09-30 22:26:37.764527+03:00
4260.SR,United International Transportation Company,Tadawul,2024,2024-12-31,1971101000.00,555704000.00,314635000.00,82688000.00,38531000.00,2025-09-30 21:59:52.363428+03:00,2025-09-30 21:59:52.363428+03:00
4260.SR,United International Transportation Company,Tadawul,2023,2023-12-31,1378138000.00,446638000.00,277230000.00,11597000.00,20000.00,2025-09-30 21:59:52.363428+03:00,2025-09-30 21:59:52.363428+03:00
4260.SR,United International Transportation Company,Tadawul,2022,2022-12-31,1025162000.00,358352000.00,252009000.00,-291482000.00,-304518000.00,2025-09-30 21:59:52.363428+03:00,2025-09-30 21:59:52.363428+03:00
4260.SR,United International Transportation Company,Tadawul,2021,2021-12-31,988129000.00,333517000.00,219912000.00,145800000.00,119452000.00,2025-09-30 21:59:52.363428+03:00,2025-09-30 21:59:52.363428+03:00
4261.SR,Theeb Rent A Car Company,Tadawul,2024,2024-12-31,1302671602.00,417762242.00,182706083.00,-38742146.00,-50946159.00,2025-09-30 22:00:00.982886+03:00,2025-09-30 22:00:00.982886+03:00
4261.SR,Theeb Rent A Car Company,Tadawul,2023,2023-12-31,1135394167.00,358865088.00,142069485.00,-88262150.00,-99076321.00,2025-09-30 22:00:00.982886+03:00,2025-09-30 22:00:00.982886+03:00
4261.SR,Theeb Rent A Car Company,Tadawul,2022,2022-12-31,967967678.00,351862055.00,193107949.00,-65918428.00,-71268766.00,2025-09-30 22:00:00.982886+03:00,2025-09-30 22:00:00.982886+03:00
4261.SR,Theeb Rent A Car Company,Tadawul,2021,2021-12-31,752369576.00,248482416.00,125726066.00,47106308.00,40822109.00,2025-09-30 22:00:00.982886+03:00,2025-09-30 22:00:00.982886+03:00
4261.SR,Theeb Rent A Car Company,Tadawul,2020,2020-12-31,,,,,,2025-09-30 22:00:00.982886+03:00,2025-09-30 22:00:00.982886+03:00
4262.SR,Lumi Rental Company,Tadawul,2024,2024-12-31,1549769083.00,437774991.00,180301098.00,-208979354.00,-232564515.00,2025-09-30 22:00:05.339713+03:00,2025-09-30 22:00:05.339713+03:00
4262.SR,Lumi Rental Company,Tadawul,2023,2023-12-31,1105577633.00,380511999.00,160622507.00,-805713308.00,-817980605.00,2025-09-30 22:00:05.339713+03:00,2025-09-30 22:00:05.339713+03:00
4262.SR,Lumi Rental Company,Tadawul,2022,2022-12-31,782630550.00,260050713.00,143662779.00,-76874377.00,-88756449.00,2025-09-30 22:00:05.339713+03:00,2025-09-30 22:00:05.339713+03:00
4263.SR,SAL Saudi Logistics Services Co,Tadawul,2024,2024-12-31,1633957000.00,915215000.00,661435000.00,795896000.00,723902000.00,2025-09-30 22:00:09.606585+03:00,2025-09-30 22:00:09.606585+03:00
4263.SR,SAL Saudi Logistics Services Co,Tadawul,2023,2023-12-31,1455712000.00,775569000.00,509716000.00,695734000.00,622889000.00,2025-09-30 22:00:09.606585+03:00,2025-09-30 22:00:09.606585+03:00
4263.SR,SAL Saudi Logistics Services Co,Tadawul,2022,2022-12-31,1222650000.00,590969000.00,362412000.00,555803000.00,457531000.00,2025-09-30 22:00:09.606585+03:00,2025-09-30 22:00:09.606585+03:00
4270.SR,Saudi Printing and Packaging Co.,Tadawul,2024,2024-12-31,721196233.00,35739012.00,-219413027.00,64849099.00,39460647.00,2025-09-30 21:59:21.913611+03:00,2025-09-30 21:59:21.913611+03:00
4270.SR,Saudi Printing and Packaging Co.,Tadawul,2023,2023-12-31,779158077.00,67136468.00,-132304036.00,115142792.00,102172218.00,2025-09-30 21:59:21.913611+03:00,2025-09-30 21:59:21.913611+03:00
4270.SR,Saudi Printing and Packaging Co.,Tadawul,2022,2022-12-31,1000093933.00,142393307.00,-9219476.00,71143308.00,52454679.00,2025-09-30 21:59:21.913611+03:00,2025-09-30 21:59:21.913611+03:00
4270.SR,Saudi Printing and Packaging Co.,Tadawul,2021,2021-12-31,783639098.00,88976056.00,-59297476.00,11690202.00,-4890565.00,2025-09-30 21:59:21.913611+03:00,2025-09-30 21:59:21.913611+03:00
4270.SR,Saudi Printing and Packaging Co.,Tadawul,2020,2020-12-31,,,,,,2025-09-30 21:59:21.913611+03:00,2025-09-30 21:59:21.913611+03:00
4280.SR,Kingdom Holding Company,Tadawul,2024,2024-12-31,2390524000.00,1335194000.00,1236970000.00,2674819000.00,2398165000.00,2025-09-30 22:22:05.912498+03:00,2025-09-30 22:22:05.912498+03:00
4280.SR,Kingdom Holding Company,Tadawul,2023,2023-12-31,2703372000.00,1519498000.00,1013243000.00,702747000.00,417754000.00,2025-09-30 22:22:05.912498+03:00,2025-09-30 22:22:05.912498+03:00
4280.SR,Kingdom Holding Company,Tadawul,2022,2022-12-31,2492121000.00,1590518000.00,6957868000.00,1754262000.00,1603089000.00,2025-09-30 22:22:05.912498+03:00,2025-09-30 22:22:05.912498+03:00
4280.SR,Kingdom Holding Company,Tadawul,2021,2021-12-31,1508354000.00,878077000.00,1017427000.00,789683000.00,686391000.00,2025-09-30 22:22:05.912498+03:00,2025-09-30 22:22:05.912498+03:00
4280.SR,Kingdom Holding Company,Tadawul,2020,2020-12-31,,,,,,2025-09-30 22:22:05.912498+03:00,2025-09-30 22:22:05.912498+03:00
4290.SR,Al Khaleej Training and Education Company,Tadawul,2024,2024-12-31,1142598080.00,233725434.00,81067928.00,147047507.00,104941575.00,2025-09-30 22:01:29.051228+03:00,2025-09-30 22:01:29.051228+03:00
4290.SR,Al Khaleej Training and Education Company,Tadawul,2023,2023-12-31,983649765.00,224107707.00,-47680945.00,129890430.00,43039638.00,2025-09-30 22:01:29.051228+03:00,2025-09-30 22:01:29.051228+03:00
4290.SR,Al Khaleej Training and Education Company,Tadawul,2022,2022-12-31,877215390.00,145276434.00,-15311505.00,125687125.00,33836592.00,2025-09-30 22:01:29.051228+03:00,2025-09-30 22:01:29.051228+03:00
4290.SR,Al Khaleej Training and Education Company,Tadawul,2021,2021-12-31,842797187.00,146894541.00,-35847636.00,85656820.00,-19772008.00,2025-09-30 22:01:29.051228+03:00,2025-09-30 22:01:29.051228+03:00
4291.SR,National Company for Learning and Education,Tadawul,2023,2023-08-31,446493133.00,180446721.00,101784524.00,212722854.00,129964432.00,2025-09-30 22:01:37.929082+03:00,2025-09-30 22:01:37.929082+03:00
4291.SR,National Company for Learning and Education,Tadawul,2022,2022-08-31,308530994.00,119351802.00,71046522.00,148814405.00,94547068.00,2025-09-30 22:01:37.929082+03:00,2025-09-30 22:01:37.929082+03:00
4291.SR,National Company for Learning and Education,Tadawul,2021,2021-08-31,176087841.00,59305412.00,24457508.00,85004478.00,75938195.00,2025-09-30 22:01:37.929082+03:00,2025-09-30 22:01:37.929082+03:00
4292.SR,Ataa Educational Company,Tadawul,2025,2025-07-31,640768314.00,191136045.00,82804702.00,172538744.00,84160695.00,2025-09-30 22:01:42.260071+03:00,2025-09-30 22:01:42.260071+03:00
4292.SR,Ataa Educational Company,Tadawul,2024,2024-07-31,636753546.00,188638782.00,63370908.00,190668072.00,68305737.00,2025-09-30 22:01:42.260071+03:00,2025-09-30 22:01:42.260071+03:00
4292.SR,Ataa Educational Company,Tadawul,2023,2023-07-31,666041507.00,180923672.00,67786016.00,248310494.00,186357265.00,2025-09-30 22:01:42.260071+03:00,2025-09-30 22:01:42.260071+03:00
4292.SR,Ataa Educational Company,Tadawul,2022,2022-07-31,577493411.00,118791948.00,70615973.00,154062010.00,107747891.00,2025-09-30 22:01:42.260071+03:00,2025-09-30 22:01:42.260071+03:00
4292.SR,Ataa Educational Company,Tadawul,2021,2021-07-31,,,,,,2025-09-30 22:01:42.260071+03:00,2025-09-30 22:01:42.260071+03:00
4300.SR,Dar Al Arkan Real Estate Development Company,Tadawul,2024,2024-12-31,3759022000.00,1600008000.00,806840000.00,814470000.00,805046000.00,2025-09-30 22:26:42.373241+03:00,2025-09-30 22:26:42.373241+03:00
4300.SR,Dar Al Arkan Real Estate Development Company,Tadawul,2023,2023-12-31,2707100000.00,1070406000.00,610758000.00,1426335000.00,1407012000.00,2025-09-30 22:26:42.373241+03:00,2025-09-30 22:26:42.373241+03:00
4300.SR,Dar Al Arkan Real Estate Development Company,Tadawul,2022,2022-12-31,3925499000.00,1457587000.00,441720000.00,460062000.00,438825000.00,2025-09-30 22:26:42.373241+03:00,2025-09-30 22:26:42.373241+03:00
4300.SR,Dar Al Arkan Real Estate Development Company,Tadawul,2021,2021-12-31,2493078000.00,896728000.00,132520000.00,66806000.00,60137000.00,2025-09-30 22:26:42.373241+03:00,2025-09-30 22:26:42.373241+03:00
4310.SR,Knowledge Economic City Company,Tadawul,2024,2024-12-31,158804993.00,70095953.00,-20956568.00,-218130475.00,-222145193.00,2025-09-30 22:26:47.088421+03:00,2025-09-30 22:26:47.088421+03:00
4310.SR,Knowledge Economic City Company,Tadawul,2023,2023-12-31,66860666.00,22725635.00,-45557467.00,52248735.00,51199041.00,2025-09-30 22:26:47.088421+03:00,2025-09-30 22:26:47.088421+03:00
4310.SR,Knowledge Economic City Company,Tadawul,2022,2022-12-31,56686593.00,18019989.00,-19388732.00,-26085704.00,-27916133.00,2025-09-30 22:26:47.088421+03:00,2025-09-30 22:26:47.088421+03:00
4310.SR,Knowledge Economic City Company,Tadawul,2021,2021-12-31,42454283.00,10470543.00,-22088547.00,27901879.00,27406047.00,2025-09-30 22:26:47.088421+03:00,2025-09-30 22:26:47.088421+03:00
4310.SR,Knowledge Economic City Company,Tadawul,2020,2020-12-31,,,,,,2025-09-30 22:26:47.088421+03:00,2025-09-30 22:26:47.088421+03:00
4320.SR,Alandalus Property Company,Tadawul,2024,2024-12-31,235887525.00,145147483.00,-31600315.00,148809845.00,119070629.00,2025-09-30 22:26:51.395627+03:00,2025-09-30 22:26:51.395627+03:00
4320.SR,Alandalus Property Company,Tadawul,2023,2023-12-31,215155987.00,137705068.00,36416938.00,153365653.00,151103653.00,2025-09-30 22:26:51.395627+03:00,2025-09-30 22:26:51.395627+03:00
4320.SR,Alandalus Property Company,Tadawul,2022,2022-12-31,216108228.00,142408337.00,66773852.00,114145948.00,113658608.00,2025-09-30 22:26:51.395627+03:00,2025-09-30 22:26:51.395627+03:00
4320.SR,Alandalus Property Company,Tadawul,2021,2021-12-31,214386203.00,145026352.00,67975591.00,181593100.00,181299969.00,2025-09-30 22:26:51.395627+03:00,2025-09-30 22:26:51.395627+03:00
4321.SR,Arabian Centres Company,Tadawul,2024,2024-12-31,2344038571.00,1985602963.00,1216906944.00,1006385476.00,997881785.00,2025-09-30 22:26:55.739719+03:00,2025-09-30 22:26:55.739719+03:00
4321.SR,Arabian Centres Company,Tadawul,2023,2023-12-31,2253673262.00,1870184686.00,1514995569.00,1390236167.00,1380222215.00,2025-09-30 22:26:55.739719+03:00,2025-09-30 22:26:55.739719+03:00
4321.SR,Arabian Centres Company,Tadawul,2022,2022-03-31,2037485632.00,1678040468.00,775431515.00,1476133882.00,1459451773.00,2025-09-30 22:26:55.739719+03:00,2025-09-30 22:26:55.739719+03:00
4321.SR,Arabian Centres Company,Tadawul,2021,2021-03-31,1856358833.00,1023138176.00,486659016.00,1034024210.00,1018461987.00,2025-09-30 22:26:55.739719+03:00,2025-09-30 22:26:55.739719+03:00
4322.SR,Retal Urban Development Company,Tadawul,2024,2024-12-31,2063210559.00,499656331.00,266125914.00,3904806.00,-38783327.00,2025-09-30 22:27:00.062419+03:00,2025-09-30 22:27:00.062419+03:00
4322.SR,Retal Urban Development Company,Tadawul,2023,2023-12-31,1367125188.00,379286421.00,202350000.00,-148309614.00,-195702402.00,2025-09-30 22:27:00.062419+03:00,2025-09-30 22:27:00.062419+03:00
4322.SR,Retal Urban Development Company,Tadawul,2022,2022-12-31,1106830262.00,303232403.00,245743632.00,459873.00,-43465036.00,2025-09-30 22:27:00.062419+03:00,2025-09-30 22:27:00.062419+03:00
4322.SR,Retal Urban Development Company,Tadawul,2021,2021-12-31,1085321002.00,245461178.00,193719486.00,112733269.00,101199549.00,2025-09-30 22:27:00.062419+03:00,2025-09-30 22:27:00.062419+03:00
4322.SR,Retal Urban Development Company,Tadawul,2020,2020-12-31,,,,,,2025-09-30 22:27:00.062419+03:00,2025-09-30 22:27:00.062419+03:00
4323.SR,Sumou Real Estate Company,Tadawul,2024,2024-12-31,429506260.00,108825693.00,106603556.00,70289671.00,69685666.00,2025-09-30 22:27:08.711337+03:00,2025-09-30 22:27:08.711337+03:00
4323.SR,Sumou Real Estate Company,Tadawul,2023,2023-12-31,273818470.00,116052216.00,103007847.00,160772381.00,160119704.00,2025-09-30 22:27:08.711337+03:00,2025-09-30 22:27:08.711337+03:00
4323.SR,Sumou Real Estate Company,Tadawul,2022,2022-12-31,282419948.00,76695951.00,87635484.00,-13230316.00,-14577766.00,2025-09-30 22:27:08.711337+03:00,2025-09-30 22:27:08.711337+03:00
4323.SR,Sumou Real Estate Company,Tadawul,2021,2021-12-31,103128366.00,61589757.00,81209527.00,47176146.00,45490760.00,2025-09-30 22:27:08.711337+03:00,2025-09-30 22:27:08.711337+03:00
4323.SR,Sumou Real Estate Company,Tadawul,2020,2020-12-31,,,,,,2025-09-30 22:27:08.711337+03:00,2025-09-30 22:27:08.711337+03:00
4324.SR,Banan Real Estate Co.,Tadawul,2024,2024-12-31,94508159.00,66246375.00,35632018.00,74651191.00,74619618.00,2025-09-30 22:27:13.272152+03:00,2025-09-30 22:27:13.272152+03:00
4324.SR,Banan Real Estate Co.,Tadawul,2023,2023-12-31,63467866.00,52530607.00,28765944.00,32613549.00,31656382.00,2025-09-30 22:27:13.272152+03:00,2025-09-30 22:27:13.272152+03:00
4324.SR,Banan Real Estate Co.,Tadawul,2022,2022-12-31,59294711.00,47944463.00,28215495.00,37281363.00,36751795.00,2025-09-30 22:27:13.272152+03:00,2025-09-30 22:27:13.272152+03:00
4324.SR,Banan Real Estate Co.,Tadawul,2021,2021-12-31,18901610.00,16307445.00,24328455.00,17546713.00,16945703.00,2025-09-30 22:27:13.272152+03:00,2025-09-30 22:27:13.272152+03:00
4324.SR,Banan Real Estate Co.,Tadawul,2020,2020-12-31,,,,,,2025-09-30 22:27:13.272152+03:00,2025-09-30 22:27:13.272152+03:00
4330.SR,Riyad REIT Fund,Tadawul,2024,2024-12-31,264471881.00,101679920.00,-187275085.00,133803221.00,133803221.00,2025-09-30 22:24:52.732050+03:00,2025-09-30 22:24:52.732050+03:00
4330.SR,Riyad REIT Fund,Tadawul,2023,2023-12-31,257983271.00,164841247.00,21653191.00,176944216.00,176944216.00,2025-09-30 22:24:52.732050+03:00,2025-09-30 22:24:52.732050+03:00
4330.SR,Riyad REIT Fund,Tadawul,2022,2022-12-31,210409286.00,133767530.00,88927084.00,92459042.00,92459042.00,2025-09-30 22:24:52.732050+03:00,2025-09-30 22:24:52.732050+03:00
4330.SR,Riyad REIT Fund,Tadawul,2021,2021-12-31,180063516.00,117317925.00,96550165.00,-107773563.00,-107773563.00,2025-09-30 22:24:52.732050+03:00,2025-09-30 22:24:52.732050+03:00
4330.SR,Riyad REIT Fund,Tadawul,2020,2020-12-31,,,,,,2025-09-30 22:24:52.732050+03:00,2025-09-30 22:24:52.732050+03:00
4331.SR,Aljazira Mawten REIT Fund,Tadawul,2024,2024-12-31,6504660.00,5434919.00,3023955.00,5100422.00,5100422.00,2025-09-30 22:24:56.956620+03:00,2025-09-30 22:24:56.956620+03:00
4331.SR,Aljazira Mawten REIT Fund,Tadawul,2023,2023-12-31,5975801.00,4751817.00,7249609.00,4480536.00,4480536.00,2025-09-30 22:24:56.956620+03:00,2025-09-30 22:24:56.956620+03:00
4331.SR,Aljazira Mawten REIT Fund,Tadawul,2022,2022-12-31,6030842.00,4433226.00,5695096.00,3681107.00,3681107.00,2025-09-30 22:24:56.956620+03:00,2025-09-30 22:24:56.956620+03:00
4331.SR,Aljazira Mawten REIT Fund,Tadawul,2021,2021-12-31,5248646.00,4282064.00,4291407.00,3855599.00,3855599.00,2025-09-30 22:24:56.956620+03:00,2025-09-30 22:24:56.956620+03:00
4331.SR,Aljazira Mawten REIT Fund,Tadawul,2020,2020-12-31,,,,,,2025-09-30 22:24:56.956620+03:00,2025-09-30 22:24:56.956620+03:00
4332.SR,Jadwa REIT Al Haramain Fund,Tadawul,2023,2023-12-31,24087813.00,,13756614.00,-14832844.00,-14832844.00,2025-09-30 22:25:01.425793+03:00,2025-09-30 22:25:01.425793+03:00
4332.SR,Jadwa REIT Al Haramain Fund,Tadawul,2022,2022-12-31,10177668.00,,-48506344.00,10644803.00,10644803.00,2025-09-30 22:25:01.425793+03:00,2025-09-30 22:25:01.425793+03:00
4332.SR,Jadwa REIT Al Haramain Fund,Tadawul,2021,2021-12-31,10147772.00,,-9155461.00,-8858192.00,-8858192.00,2025-09-30 22:25:01.425793+03:00,2025-09-30 22:25:01.425793+03:00
4332.SR,Jadwa REIT Al Haramain Fund,Tadawul,2020,2020-12-31,6674647.00,,-68044805.00,20567703.00,20567703.00,2025-09-30 22:25:01.425793+03:00,2025-09-30 22:25:01.425793+03:00
4333.SR,Taleem REIT Fund,Tadawul,2024,2024-12-31,67430476.00,63389291.00,32517272.00,56837259.00,56837259.00,2025-09-30 22:25:05.876522+03:00,2025-09-30 22:25:05.876522+03:00
4333.SR,Taleem REIT Fund,Tadawul,2023,2023-12-31,66397361.00,62295835.00,36298505.00,51207413.00,51207413.00,2025-09-30 22:25:05.876522+03:00,2025-09-30 22:25:05.876522+03:00
4333.SR,Taleem REIT Fund,Tadawul,2022,2022-12-31,62446254.00,58349977.00,33158623.00,46893660.00,46893660.00,2025-09-30 22:25:05.876522+03:00,2025-09-30 22:25:05.876522+03:00
4333.SR,Taleem REIT Fund,Tadawul,2021,2021-12-31,50633548.00,46576573.00,39458241.00,27869817.00,27869817.00,2025-09-30 22:25:05.876522+03:00,2025-09-30 22:25:05.876522+03:00
4333.SR,Taleem REIT Fund,Tadawul,2020,2020-12-31,,,,,,2025-09-30 22:25:05.876522+03:00,2025-09-30 22:25:05.876522+03:00
4334.SR,Al Maather Reit Fund,Tadawul,2024,2024-12-31,63758890.00,53034555.00,41136866.00,57221186.00,57221186.00,2025-09-30 22:25:10.162533+03:00,2025-09-30 22:25:10.162533+03:00
4334.SR,Al Maather Reit Fund,Tadawul,2023,2023-12-31,61711995.00,51250028.00,44519775.00,43119987.00,43119987.00,2025-09-30 22:25:10.162533+03:00,2025-09-30 22:25:10.162533+03:00
4334.SR,Al Maather Reit Fund,Tadawul,2022,2022-12-31,61879928.00,52006988.00,28210372.00,43746571.00,42035496.00,2025-09-30 22:25:10.162533+03:00,2025-09-30 22:25:10.162533+03:00
4334.SR,Al Maather Reit Fund,Tadawul,2021,2021-12-31,51733823.00,42015804.00,8380249.00,41663966.00,32582769.00,2025-09-30 22:25:10.162533+03:00,2025-09-30 22:25:10.162533+03:00
4334.SR,Al Maather Reit Fund,Tadawul,2020,2020-12-31,,,,,,2025-09-30 22:25:10.162533+03:00,2025-09-30 22:25:10.162533+03:00
4335.SR,Musharaka REIT Fund,Tadawul,2024,2024-12-31,95358405.00,60403012.00,-22289468.00,4703392.00,4703392.00,2025-09-30 22:25:14.625280+03:00,2025-09-30 22:25:14.625280+03:00
4335.SR,Musharaka REIT Fund,Tadawul,2023,2023-12-31,95517923.00,55557538.00,-8349470.00,6148302.00,6148302.00,2025-09-30 22:25:14.625280+03:00,2025-09-30 22:25:14.625280+03:00
4335.SR,Musharaka REIT Fund,Tadawul,2022,2022-12-31,100616509.00,76312108.00,10900439.00,56006179.00,56006179.00,2025-09-30 22:25:14.625280+03:00,2025-09-30 22:25:14.625280+03:00
4335.SR,Musharaka REIT Fund,Tadawul,2021,2021-12-31,88784030.00,86276317.00,29868881.00,41018464.00,41018464.00,2025-09-30 22:25:14.625280+03:00,2025-09-30 22:25:14.625280+03:00
4335.SR,Musharaka REIT Fund,Tadawul,2020,2020-12-31,,,,,,2025-09-30 22:25:14.625280+03:00,2025-09-30 22:25:14.625280+03:00
4336.SR,Mulkia Gulf Real Estate REIT,Tadawul,2024,2024-12-31,119449859.00,76003711.00,15138500.00,81353316.00,81353316.00,2025-09-30 22:25:18.941228+03:00,2025-09-30 22:25:18.941228+03:00
4336.SR,Mulkia Gulf Real Estate REIT,Tadawul,2023,2023-12-31,113540497.00,74796896.00,-11806606.00,-33460038.00,-33460038.00,2025-09-30 22:25:18.941228+03:00,2025-09-30 22:25:18.941228+03:00
4336.SR,Mulkia Gulf Real Estate REIT,Tadawul,2022,2022-12-31,96014963.00,61327784.00,-106042.00,45774062.00,45774062.00,2025-09-30 22:25:18.941228+03:00,2025-09-30 22:25:18.941228+03:00
4336.SR,Mulkia Gulf Real Estate REIT,Tadawul,2021,2021-12-31,76523904.00,66127061.00,30528929.00,39848811.00,39848811.00,2025-09-30 22:25:18.941228+03:00,2025-09-30 22:25:18.941228+03:00
4336.SR,Mulkia Gulf Real Estate REIT,Tadawul,2020,2020-12-31,,,,,,2025-09-30 22:25:18.941228+03:00,2025-09-30 22:25:18.941228+03:00
4337.SR,Muscat Capital - Al Masha'ar REIT Fund,Tadawul,2024,2024-12-31,17685265.00,17304259.00,-114922138.00,9478488.00,9478488.00,2025-09-30 22:25:23.215884+03:00,2025-09-30 22:25:23.215884+03:00
4337.SR,Muscat Capital - Al Masha'ar REIT Fund,Tadawul,2023,2023-12-31,19953417.00,19585481.00,-52231895.00,19888835.00,19888835.00,2025-09-30 22:25:23.215884+03:00,2025-09-30 22:25:23.215884+03:00
4337.SR,Muscat Capital - Al Masha'ar REIT Fund,Tadawul,2022,2022-12-31,36786301.00,36356791.00,-83388207.00,8900651.00,8900651.00,2025-09-30 22:25:23.215884+03:00,2025-09-30 22:25:23.215884+03:00
4337.SR,Muscat Capital - Al Masha'ar REIT Fund,Tadawul,2021,2021-12-31,15048014.00,14623930.00,982467.00,-133366377.00,-133366377.00,2025-09-30 22:25:23.215884+03:00,2025-09-30 22:25:23.215884+03:00
4337.SR,Muscat Capital - Al Masha'ar REIT Fund,Tadawul,2020,2020-12-31,,,,,,2025-09-30 22:25:23.215884+03:00,2025-09-30 22:25:23.215884+03:00
4338.SR,Alahli Capital - Al-Ahli Reit Fund,Tadawul,2024,2024-12-31,187647000.00,110586000.00,26678000.00,105787000.00,100381000.00,2025-09-30 22:25:27.498797+03:00,2025-09-30 22:25:27.498797+03:00
4338.SR,Alahli Capital - Al-Ahli Reit Fund,Tadawul,2023,2023-12-31,183063000.00,113575000.00,40556000.00,116940000.00,115141000.00,2025-09-30 22:25:27.498797+03:00,2025-09-30 22:25:27.498797+03:00
4338.SR,Alahli Capital - Al-Ahli Reit Fund,Tadawul,2022,2022-12-31,185120000.00,120106000.00,66117000.00,135817000.00,135817000.00,2025-09-30 22:25:27.498797+03:00,2025-09-30 22:25:27.498797+03:00
4338.SR,Alahli Capital - Al-Ahli Reit Fund,Tadawul,2021,2021-12-31,183407000.00,125482000.00,75420000.00,113544000.00,113544000.00,2025-09-30 22:25:27.498797+03:00,2025-09-30 22:25:27.498797+03:00
4338.SR,Alahli Capital - Al-Ahli Reit Fund,Tadawul,2020,2020-12-31,,,,,,2025-09-30 22:25:27.498797+03:00,2025-09-30 22:25:27.498797+03:00
4339.SR,Derayah Financial - Derayah Reit Fund,Tadawul,2024,2024-12-31,97302069.00,85486597.00,14835952.00,92413590.00,92413590.00,2025-09-30 22:25:36.125610+03:00,2025-09-30 22:25:36.125610+03:00
4339.SR,Derayah Financial - Derayah Reit Fund,Tadawul,2023,2023-12-31,103489386.00,93827557.00,40270844.00,66639586.00,66639586.00,2025-09-30 22:25:36.125610+03:00,2025-09-30 22:25:36.125610+03:00
4339.SR,Derayah Financial - Derayah Reit Fund,Tadawul,2022,2022-12-31,123127631.00,111509401.00,47184270.00,84918517.00,84918517.00,2025-09-30 22:25:36.125610+03:00,2025-09-30 22:25:36.125610+03:00
4339.SR,Derayah Financial - Derayah Reit Fund,Tadawul,2021,2021-12-31,130200628.00,117451878.00,45559753.00,95455724.00,95455724.00,2025-09-30 22:25:36.125610+03:00,2025-09-30 22:25:36.125610+03:00
4339.SR,Derayah Financial - Derayah Reit Fund,Tadawul,2020,2020-12-31,,,,,,2025-09-30 22:25:36.125610+03:00,2025-09-30 22:25:36.125610+03:00
4340.SR,Al Rajhi REIT Fund,Tadawul,2024,2024-12-31,237694624.00,232123151.00,187246875.00,152833890.00,152833890.00,2025-09-30 22:25:41.069276+03:00,2025-09-30 22:25:41.069276+03:00
4340.SR,Al Rajhi REIT Fund,Tadawul,2023,2023-12-31,192066813.00,187311893.00,75547599.00,85880216.00,85880216.00,2025-09-30 22:25:41.069276+03:00,2025-09-30 22:25:41.069276+03:00
4340.SR,Al Rajhi REIT Fund,Tadawul,2022,2022-12-31,158156358.00,154909487.00,113410901.00,94907066.00,94907066.00,2025-09-30 22:25:41.069276+03:00,2025-09-30 22:25:41.069276+03:00
4340.SR,Al Rajhi REIT Fund,Tadawul,2021,2021-12-31,130283660.00,,-175077857.00,79697130.00,79697130.00,2025-09-30 22:25:41.069276+03:00,2025-09-30 22:25:41.069276+03:00
4340.SR,Al Rajhi REIT Fund,Tadawul,2020,2020-12-31,,,,,,2025-09-30 22:25:41.069276+03:00,2025-09-30 22:25:41.069276+03:00
4342.SR,Jadwa Investment - Jadwa Reit Saudi Fund,Tadawul,2024,2024-12-31,177968998.00,155642645.00,55774988.00,136642157.00,136642157.00,2025-09-30 22:25:49.830960+03:00,2025-09-30 22:25:49.830960+03:00
4342.SR,Jadwa Investment - Jadwa Reit Saudi Fund,Tadawul,2023,2023-12-31,141254094.00,120234851.00,200274317.00,134411222.00,134411222.00,2025-09-30 22:25:49.830960+03:00,2025-09-30 22:25:49.830960+03:00
4342.SR,Jadwa Investment - Jadwa Reit Saudi Fund,Tadawul,2022,2022-12-31,158453725.00,137320586.00,77641492.00,118128140.00,118128140.00,2025-09-30 22:25:49.830960+03:00,2025-09-30 22:25:49.830960+03:00
4342.SR,Jadwa Investment - Jadwa Reit Saudi Fund,Tadawul,2021,2021-12-31,145197306.00,131028311.00,27847573.00,99810779.00,99810779.00,2025-09-30 22:25:49.830960+03:00,2025-09-30 22:25:49.830960+03:00
4342.SR,Jadwa Investment - Jadwa Reit Saudi Fund,Tadawul,2020,2020-12-31,,,,,,2025-09-30 22:25:49.830960+03:00,2025-09-30 22:25:49.830960+03:00
4344.SR,SEDCO Capital REIT Fund,Tadawul,2024,2024-12-31,173534076.00,,14409840.00,114240048.00,114240048.00,2025-09-30 22:25:31.783444+03:00,2025-09-30 22:25:31.783444+03:00
4344.SR,SEDCO Capital REIT Fund,Tadawul,2023,2023-12-31,161784997.00,,33561234.00,116082051.00,116082051.00,2025-09-30 22:25:31.783444+03:00,2025-09-30 22:25:31.783444+03:00
4344.SR,SEDCO Capital REIT Fund,Tadawul,2022,2022-12-31,137505273.00,,41110344.00,65626373.00,65626373.00,2025-09-30 22:25:31.783444+03:00,2025-09-30 22:25:31.783444+03:00
4344.SR,SEDCO Capital REIT Fund,Tadawul,2021,2021-12-31,72898962.00,,-35437775.00,46768352.00,46768352.00,2025-09-30 22:25:31.783444+03:00,2025-09-30 22:25:31.783444+03:00
4344.SR,SEDCO Capital REIT Fund,Tadawul,2020,2020-12-31,,,,,,2025-09-30 22:25:31.783444+03:00,2025-09-30 22:25:31.783444+03:00
4345.SR,Alinma Retail REIT Fund,Tadawul,2024,2024-12-31,79840216.00,55827482.00,8129877.00,80617352.00,80617352.00,2025-09-30 22:25:45.568545+03:00,2025-09-30 22:25:45.568545+03:00
4345.SR,Alinma Retail REIT Fund,Tadawul,2023,2023-12-31,51633469.00,26219998.00,-10220410.00,56271041.00,56271041.00,2025-09-30 22:25:45.568545+03:00,2025-09-30 22:25:45.568545+03:00
4345.SR,Alinma Retail REIT Fund,Tadawul,2022,2022-12-31,48735471.00,21615148.00,-3603344.00,19384446.00,19384446.00,2025-09-30 22:25:45.568545+03:00,2025-09-30 22:25:45.568545+03:00
4345.SR,Alinma Retail REIT Fund,Tadawul,2021,2021-12-31,59045285.00,28926302.00,-14857817.00,10791417.00,10791417.00,2025-09-30 22:25:45.568545+03:00,2025-09-30 22:25:45.568545+03:00
4345.SR,Alinma Retail REIT Fund,Tadawul,2020,2020-12-31,,,,,,2025-09-30 22:25:45.568545+03:00,2025-09-30 22:25:45.568545+03:00
4346.SR,MEFIC REIT Fund,Tadawul,2022,2022-12-31,25765496.00,,13689377.00,25481908.00,25481908.00,2025-09-30 22:25:54.194786+03:00,2025-09-30 22:25:54.194786+03:00
4346.SR,MEFIC REIT Fund,Tadawul,2021,2021-12-31,20878211.00,,-133121167.00,15650777.00,15650777.00,2025-09-30 22:25:54.194786+03:00,2025-09-30 22:25:54.194786+03:00
4346.SR,MEFIC REIT Fund,Tadawul,2020,2020-12-31,41763877.00,,-66244264.00,-17439964.00,-17439964.00,2025-09-30 22:25:54.194786+03:00,2025-09-30 22:25:54.194786+03:00
4347.SR,Bonyan REIT Fund,Tadawul,2024,2024-12-31,240619867.00,156387013.00,88436872.00,170202575.00,155590811.00,2025-09-30 22:25:58.572790+03:00,2025-09-30 22:25:58.572790+03:00
4347.SR,Bonyan REIT Fund,Tadawul,2023,2023-12-31,243078323.00,143672390.00,110901375.00,164591936.00,137641069.00,2025-09-30 22:25:58.572790+03:00,2025-09-30 22:25:58.572790+03:00
4347.SR,Bonyan REIT Fund,Tadawul,2022,2022-12-31,246681958.00,156772989.00,97579682.00,124289575.00,119587943.00,2025-09-30 22:25:58.572790+03:00,2025-09-30 22:25:58.572790+03:00
4347.SR,Bonyan REIT Fund,Tadawul,2021,2021-12-31,219477061.00,133516046.00,65401922.00,103479354.00,101312251.00,2025-09-30 22:25:58.572790+03:00,2025-09-30 22:25:58.572790+03:00
4347.SR,Bonyan REIT Fund,Tadawul,2020,2020-12-31,,,,,,2025-09-30 22:25:58.572790+03:00,2025-09-30 22:25:58.572790+03:00
4348.SR,Alkhabeer REIT Fund,Tadawul,2024,2024-12-31,108499357.00,,59338554.00,75875561.00,74264163.00,2025-09-30 22:26:02.902253+03:00,2025-09-30 22:26:02.902253+03:00
4348.SR,Alkhabeer REIT Fund,Tadawul,2023,2023-12-31,88864593.00,,35135066.00,69247536.00,67771617.00,2025-09-30 22:26:02.902253+03:00,2025-09-30 22:26:02.902253+03:00
4348.SR,Alkhabeer REIT Fund,Tadawul,2022,2022-12-31,106129879.00,,43376044.00,76734445.00,75618690.00,2025-09-30 22:26:02.902253+03:00,2025-09-30 22:26:02.902253+03:00
4348.SR,Alkhabeer REIT Fund,Tadawul,2021,2021-12-31,31830124.00,,-33831010.00,91254515.00,90596188.00,2025-09-30 22:26:02.902253+03:00,2025-09-30 22:26:02.902253+03:00
4348.SR,Alkhabeer REIT Fund,Tadawul,2020,2020-12-31,,,,,,2025-09-30 22:26:02.902253+03:00,2025-09-30 22:26:02.902253+03:00
4349.SR,Alinma Hospitality REIT,Tadawul,2024,2024-12-31,69811455.00,,48847638.00,71563453.00,71563453.00,2025-09-30 22:26:07.111816+03:00,2025-09-30 22:26:07.111816+03:00
5110.SR,Saudi Electricity Company,Tadawul,2024,2024-12-31,88665641000.00,17486273000.00,6866943000.00,38316683000.00,-16816150000.00,2025-09-30 22:24:31.191817+03:00,2025-09-30 22:24:31.191817+03:00
5110.SR,Saudi Electricity Company,Tadawul,2023,2023-12-31,75329673000.00,15521376000.00,10249299000.00,32618850000.00,183317000.00,2025-09-30 22:24:31.191817+03:00,2025-09-30 22:24:31.191817+03:00
5110.SR,Saudi Electricity Company,Tadawul,2022,2022-12-31,72079424000.00,19759817000.00,15135224000.00,42272480000.00,12457169000.00,2025-09-30 22:24:31.191817+03:00,2025-09-30 22:24:31.191817+03:00
5110.SR,Saudi Electricity Company,Tadawul,2021,2021-12-31,69338036000.00,20541960000.00,14390871000.00,46283619000.00,20113731000.00,2025-09-30 22:24:31.191817+03:00,2025-09-30 22:24:31.191817+03:00
5110.SR,Saudi Electricity Company,Tadawul,2020,2020-12-31,,,,,,2025-09-30 22:24:31.191817+03:00,2025-09-30 22:24:31.191817+03:00
6001.SR,Halwani Bros. Co. Ltd.,Tadawul,2024,2024-12-31,969055854.00,289123005.00,44667304.00,61730318.00,49755484.00,2025-09-30 22:03:39.799640+03:00,2025-09-30 22:03:39.799640+03:00
6001.SR,Halwani Bros. Co. Ltd.,Tadawul,2023,2023-12-31,882721622.00,171038088.00,-98011332.00,34055117.00,26919174.00,2025-09-30 22:03:39.799640+03:00,2025-09-30 22:03:39.799640+03:00
6001.SR,Halwani Bros. Co. Ltd.,Tadawul,2022,2022-12-31,1024321362.00,270759386.00,2917385.00,-28779804.00,-58987472.00,2025-09-30 22:03:39.799640+03:00,2025-09-30 22:03:39.799640+03:00
6001.SR,Halwani Bros. Co. Ltd.,Tadawul,2021,2021-12-31,1091294643.00,344216211.00,84254428.00,75955491.00,50245117.00,2025-09-30 22:03:39.799640+03:00,2025-09-30 22:03:39.799640+03:00
6002.SR,Herfy Food Services Company,Tadawul,2024,2024-12-31,1124768690.00,217244318.00,-116524061.00,135407304.00,116347528.00,2025-09-30 22:00:53.493163+03:00,2025-09-30 22:00:53.493163+03:00
6002.SR,Herfy Food Services Company,Tadawul,2023,2023-12-31,1173695530.00,284412124.00,8386476.00,190465396.00,122715310.00,2025-09-30 22:00:53.493163+03:00,2025-09-30 22:00:53.493163+03:00
6002.SR,Herfy Food Services Company,Tadawul,2022,2022-12-31,1243838271.00,307003843.00,3546104.00,250790384.00,141125686.00,2025-09-30 22:00:53.493163+03:00,2025-09-30 22:00:53.493163+03:00
6002.SR,Herfy Food Services Company,Tadawul,2021,2021-12-31,1319092436.00,417828738.00,151791474.00,284729293.00,200389678.00,2025-09-30 22:00:53.493163+03:00,2025-09-30 22:00:53.493163+03:00
6004.SR,CATRION Catering Holding Company,Tadawul,2024,2024-12-31,2299259701.00,641608724.00,352770108.00,461873856.00,15145035.00,2025-09-30 21:59:34.912181+03:00,2025-09-30 21:59:34.912181+03:00
6004.SR,CATRION Catering Holding Company,Tadawul,2023,2023-12-31,2133762298.00,565992505.00,282657704.00,608006445.00,472059502.00,2025-09-30 21:59:34.912181+03:00,2025-09-30 21:59:34.912181+03:00
6004.SR,CATRION Catering Holding Company,Tadawul,2022,2022-12-31,1818006368.00,516319742.00,257103138.00,346200353.00,327736301.00,2025-09-30 21:59:34.912181+03:00,2025-09-30 21:59:34.912181+03:00
6004.SR,CATRION Catering Holding Company,Tadawul,2021,2021-12-31,1212507870.00,331845162.00,14055459.00,373165315.00,336992341.00,2025-09-30 21:59:34.912181+03:00,2025-09-30 21:59:34.912181+03:00
6004.SR,CATRION Catering Holding Company,Tadawul,2020,2020-12-31,,,,,,2025-09-30 21:59:34.912181+03:00,2025-09-30 21:59:34.912181+03:00
6010.SR,The National Agricultural Development Company,Tadawul,2024,2024-12-31,3220400393.00,1174995716.00,774631968.00,670020048.00,385684734.00,2025-09-30 22:18:38.210164+03:00,2025-09-30 22:18:38.210164+03:00
6010.SR,The National Agricultural Development Company,Tadawul,2023,2023-12-31,3196966537.00,1164826106.00,302064771.00,654672133.00,360576612.00,2025-09-30 22:18:38.210164+03:00,2025-09-30 22:18:38.210164+03:00
6010.SR,The National Agricultural Development Company,Tadawul,2022,2022-12-31,2694247713.00,774014843.00,95491687.00,451752083.00,148048806.00,2025-09-30 22:18:38.210164+03:00,2025-09-30 22:18:38.210164+03:00
6010.SR,The National Agricultural Development Company,Tadawul,2021,2021-12-31,2272324804.00,630838937.00,-285028123.00,255557912.00,-106745618.00,2025-09-30 22:18:38.210164+03:00,2025-09-30 22:18:38.210164+03:00
6012.SR,Raydan Food Company,Tadawul,2024,2024-12-31,155367760.00,1217411.00,-73105420.00,16160533.00,9725807.00,2025-09-30 22:01:55.330942+03:00,2025-09-30 22:01:55.330942+03:00
6012.SR,Raydan Food Company,Tadawul,2023,2023-12-31,177373734.00,9655452.00,-30889166.00,4973444.00,-8185055.00,2025-09-30 22:01:55.330942+03:00,2025-09-30 22:01:55.330942+03:00
6012.SR,Raydan Food Company,Tadawul,2022,2022-12-31,159177603.00,6482654.00,-24621384.00,-24650997.00,-54190376.00,2025-09-30 22:01:55.330942+03:00,2025-09-30 22:01:55.330942+03:00
6012.SR,Raydan Food Company,Tadawul,2021,2021-12-31,131168043.00,-6206528.00,-42207449.00,-23996389.00,-27923339.00,2025-09-30 22:01:55.330942+03:00,2025-09-30 22:01:55.330942+03:00
6012.SR,Raydan Food Company,Tadawul,2020,2020-12-31,,,,,,2025-09-30 22:01:55.330942+03:00,2025-09-30 22:01:55.330942+03:00
6013.SR,Development Works Food Company,Tadawul,2024,2024-12-31,97358918.00,6412934.00,1299272.00,18570430.00,16259300.00,2025-09-30 22:01:24.261907+03:00,2025-09-30 22:01:24.261907+03:00
6013.SR,Development Works Food Company,Tadawul,2023,2023-12-31,89114130.00,2669660.00,-5168411.00,22535373.00,18375238.00,2025-09-30 22:01:24.261907+03:00,2025-09-30 22:01:24.261907+03:00
6013.SR,Development Works Food Company,Tadawul,2022,2022-12-31,98650440.00,4389024.00,-3223093.00,22820780.00,17647444.00,2025-09-30 22:01:24.261907+03:00,2025-09-30 22:01:24.261907+03:00
6013.SR,Development Works Food Company,Tadawul,2021,2021-12-31,100858743.00,9484799.00,2348659.00,18234510.00,13022137.00,2025-09-30 22:01:24.261907+03:00,2025-09-30 22:01:24.261907+03:00
6014.SR,Alamar Foods Company,Tadawul,2024,2024-12-31,891565266.00,257960637.00,38335348.00,97021445.00,73451195.00,2025-09-30 22:01:46.599905+03:00,2025-09-30 22:01:46.599905+03:00
6014.SR,Alamar Foods Company,Tadawul,2023,2023-12-31,991655015.00,293003751.00,57976024.00,185735928.00,134223419.00,2025-09-30 22:01:46.599905+03:00,2025-09-30 22:01:46.599905+03:00
6014.SR,Alamar Foods Company,Tadawul,2022,2022-12-31,1075892373.00,362353740.00,115555901.00,229031010.00,159913429.00,2025-09-30 22:01:46.599905+03:00,2025-09-30 22:01:46.599905+03:00
6014.SR,Alamar Foods Company,Tadawul,2021,2021-12-31,868136005.00,307099699.00,118587389.00,193039804.00,145279928.00,2025-09-30 22:01:46.599905+03:00,2025-09-30 22:01:46.599905+03:00
6015.SR,Americana Restaurants International PLC,Tadawul,2024,2024-12-31,2196751000.00,1167394000.00,158759000.00,432801000.00,308492000.00,2025-09-30 22:01:50.882899+03:00,2025-09-30 22:01:50.882899+03:00
6015.SR,Americana Restaurants International PLC,Tadawul,2023,2023-12-31,2413134000.00,1261559000.00,259466000.00,539787000.00,389968000.00,2025-09-30 22:01:50.882899+03:00,2025-09-30 22:01:50.882899+03:00
6015.SR,Americana Restaurants International PLC,Tadawul,2022,2022-12-31,2378547000.00,1230071000.00,259226000.00,453928000.00,321805000.00,2025-09-30 22:01:50.882899+03:00,2025-09-30 22:01:50.882899+03:00
6015.SR,Americana Restaurants International PLC,Tadawul,2021,2021-12-31,2051747000.00,1081396000.00,203917000.00,468849000.00,367635000.00,2025-09-30 22:01:50.882899+03:00,2025-09-30 22:01:50.882899+03:00
6016.SR,Shatirah House Restaurant Co.,Tadawul,2024,2024-12-31,299575519.00,90950535.00,8445501.00,35988610.00,16975666.00,2025-09-30 22:01:11.378837+03:00,2025-09-30 22:01:11.378837+03:00
6016.SR,Shatirah House Restaurant Co.,Tadawul,2023,2023-12-31,281053038.00,84744637.00,12285277.00,41035968.00,29895900.00,2025-09-30 22:01:11.378837+03:00,2025-09-30 22:01:11.378837+03:00
6016.SR,Shatirah House Restaurant Co.,Tadawul,2022,2022-12-31,250436084.00,68310131.00,2696972.00,32756426.00,12099495.00,2025-09-30 22:01:11.378837+03:00,2025-09-30 22:01:11.378837+03:00
6016.SR,Shatirah House Restaurant Co.,Tadawul,2021,2021-12-31,234782861.00,70082268.00,15367655.00,34009833.00,11622532.00,2025-09-30 22:01:11.378837+03:00,2025-09-30 22:01:11.378837+03:00
6017.SR,Jahez International Company for Information Systems Technology,Tadawul,2024,2024-12-31,2218662735.00,541162565.00,187979245.00,202791779.00,7677271.00,2025-09-30 22:01:19.931026+03:00,2025-09-30 22:01:19.931026+03:00
6017.SR,Jahez International Company for Information Systems Technology,Tadawul,2023,2023-12-31,1784755283.00,405877523.00,125336967.00,256867520.00,220027263.00,2025-09-30 22:01:19.931026+03:00,2025-09-30 22:01:19.931026+03:00
6017.SR,Jahez International Company for Information Systems Technology,Tadawul,2022,2022-12-31,1602476839.00,359179837.00,58977006.00,7197709.00,-32930322.00,2025-09-30 22:01:19.931026+03:00,2025-09-30 22:01:19.931026+03:00
6017.SR,Jahez International Company for Information Systems Technology,Tadawul,2021,2021-12-31,1159567963.00,245524599.00,117068284.00,206178367.00,200883217.00,2025-09-30 22:01:19.931026+03:00,2025-09-30 22:01:19.931026+03:00
6020.SR,Al Gassim Investment Holding Company,Tadawul,2024,2024-12-31,10046288.00,8485367.00,10238032.00,-4906358.00,-5216308.00,2025-09-30 22:18:42.453385+03:00,2025-09-30 22:18:42.453385+03:00
6020.SR,Al Gassim Investment Holding Company,Tadawul,2023,2023-12-31,10466253.00,8953308.00,-6713311.00,-2518647.00,-2526750.00,2025-09-30 22:18:42.453385+03:00,2025-09-30 22:18:42.453385+03:00
6020.SR,Al Gassim Investment Holding Company,Tadawul,2022,2022-12-31,10862021.00,9140715.00,7049432.00,17676241.00,17463694.00,2025-09-30 22:18:42.453385+03:00,2025-09-30 22:18:42.453385+03:00
6020.SR,Al Gassim Investment Holding Company,Tadawul,2021,2021-12-31,11372882.00,9577160.00,1089793.00,-9806958.00,-9877916.00,2025-09-30 22:18:42.453385+03:00,2025-09-30 22:18:42.453385+03:00
6020.SR,Al Gassim Investment Holding Company,Tadawul,2020,2020-12-31,,,,,,2025-09-30 22:18:42.453385+03:00,2025-09-30 22:18:42.453385+03:00
6040.SR,Tabuk Agricultural Development Company,Tadawul,2024,2024-12-31,47353789.00,-11997133.00,-144226008.00,-48755259.00,-50992409.00,2025-09-30 22:18:46.954999+03:00,2025-09-30 22:18:46.954999+03:00
6040.SR,Tabuk Agricultural Development Company,Tadawul,2023,2023-12-31,102709702.00,14101577.00,80788890.00,-16372502.00,-29974535.00,2025-09-30 22:18:46.954999+03:00,2025-09-30 22:18:46.954999+03:00
6040.SR,Tabuk Agricultural Development Company,Tadawul,2022,2022-12-31,134371386.00,19666550.00,-51468608.00,-17568214.00,-49810115.00,2025-09-30 22:18:46.954999+03:00,2025-09-30 22:18:46.954999+03:00
6040.SR,Tabuk Agricultural Development Company,Tadawul,2021,2021-12-31,119413289.00,-2012275.00,-70550191.00,-83489487.00,-97018019.00,2025-09-30 22:18:46.954999+03:00,2025-09-30 22:18:46.954999+03:00
6040.SR,Tabuk Agricultural Development Company,Tadawul,2020,2020-12-31,,,,,,2025-09-30 22:18:46.954999+03:00,2025-09-30 22:18:46.954999+03:00
6050.SR,Saudi Fisheries Company,Tadawul,2024,2024-12-31,19042570.00,-5947483.00,-40995299.00,-26878063.00,-27017087.00,2025-09-30 22:18:51.525772+03:00,2025-09-30 22:18:51.525772+03:00
6050.SR,Saudi Fisheries Company,Tadawul,2023,2023-12-31,52208079.00,-43962327.00,-119959261.00,-39769010.00,-41714319.00,2025-09-30 22:18:51.525772+03:00,2025-09-30 22:18:51.525772+03:00
6050.SR,Saudi Fisheries Company,Tadawul,2022,2022-12-31,48815516.00,-21263931.00,-63389796.00,-47694931.00,-51526616.00,2025-09-30 22:18:51.525772+03:00,2025-09-30 22:18:51.525772+03:00
6050.SR,Saudi Fisheries Company,Tadawul,2021,2021-12-31,47586410.00,16851579.00,-34184824.00,-45187937.00,-86579473.00,2025-09-30 22:18:51.525772+03:00,2025-09-30 22:18:51.525772+03:00
6050.SR,Saudi Fisheries Company,Tadawul,2020,2020-12-31,,,,,,2025-09-30 22:18:51.525772+03:00,2025-09-30 22:18:51.525772+03:00
6060.SR,Ash-Sharqiyah Development Co.,Tadawul,2024,2024-12-31,85818590.00,2664704.00,-4166261.00,-646006.00,-41006951.00,2025-09-30 22:18:55.824028+03:00,2025-09-30 22:18:55.824028+03:00
6060.SR,Ash-Sharqiyah Development Co.,Tadawul,2023,2023-12-31,0.00,0.00,-185743.00,-1059069.00,-1080586.00,2025-09-30 22:18:55.824028+03:00,2025-09-30 22:18:55.824028+03:00
6060.SR,Ash-Sharqiyah Development Co.,Tadawul,2022,2022-12-31,0.00,0.00,-3197035.00,-6612535.00,-6612535.00,2025-09-30 22:18:55.824028+03:00,2025-09-30 22:18:55.824028+03:00
6060.SR,Ash-Sharqiyah Development Co.,Tadawul,2021,2021-12-31,0.00,0.00,-237361.00,-2210548.00,-2213542.00,2025-09-30 22:18:55.824028+03:00,2025-09-30 22:18:55.824028+03:00
6070.SR,Al-Jouf Agricultural Development Co.,Tadawul,2024,2024-12-31,582788144.00,176723638.00,75300454.00,121337652.00,37836111.00,2025-09-30 22:19:00.182404+03:00,2025-09-30 22:19:00.182404+03:00
6070.SR,Al-Jouf Agricultural Development Co.,Tadawul,2023,2023-12-31,426435301.00,126346958.00,61968851.00,55197903.00,-124089819.00,2025-09-30 22:19:00.182404+03:00,2025-09-30 22:19:00.182404+03:00
6070.SR,Al-Jouf Agricultural Development Co.,Tadawul,2022,2022-12-31,341996642.00,120285584.00,51065262.00,76297576.00,-73362807.00,2025-09-30 22:19:00.182404+03:00,2025-09-30 22:19:00.182404+03:00
6070.SR,Al-Jouf Agricultural Development Co.,Tadawul,2021,2021-12-31,312660455.00,68498941.00,17374482.00,29386709.00,-22551186.00,2025-09-30 22:19:00.182404+03:00,2025-09-30 22:19:00.182404+03:00
6070.SR,Al-Jouf Agricultural Development Co.,Tadawul,2020,2020-12-31,,,,,,2025-09-30 22:19:00.182404+03:00,2025-09-30 22:19:00.182404+03:00
6090.SR,Jazan Development and Investment Company,Tadawul,2024,2024-12-31,78703147.00,-35846924.00,-153276957.00,-3211947.00,-6162406.00,2025-09-30 22:19:04.560988+03:00,2025-09-30 22:19:04.560988+03:00
6090.SR,Jazan Development and Investment Company,Tadawul,2023,2023-12-31,70154746.00,21774961.00,-32100266.00,-9676401.00,-19251085.00,2025-09-30 22:19:04.560988+03:00,2025-09-30 22:19:04.560988+03:00
6090.SR,Jazan Development and Investment Company,Tadawul,2022,2022-12-31,77893693.00,15791379.00,10711721.00,-7856830.00,-20013378.00,2025-09-30 22:19:04.560988+03:00,2025-09-30 22:19:04.560988+03:00
6090.SR,Jazan Development and Investment Company,Tadawul,2021,2021-12-31,98509218.00,40938558.00,12128716.00,14821926.00,3798701.00,2025-09-30 22:19:04.560988+03:00,2025-09-30 22:19:04.560988+03:00
6090.SR,Jazan Development and Investment Company,Tadawul,2020,2020-12-31,,,,,,2025-09-30 22:19:04.560988+03:00,2025-09-30 22:19:04.560988+03:00
7010.SR,Saudi Telecom Company,Tadawul,2024,2024-12-31,75893413000.00,37300410000.00,24688652000.00,19885337000.00,8122419000.00,2025-09-30 21:28:48.409666+03:00,2025-09-30 21:28:48.409666+03:00
7010.SR,Saudi Telecom Company,Tadawul,2023,2023-12-31,71777161000.00,34740066000.00,13295381000.00,22417558000.00,12848289000.00,2025-09-30 21:28:48.409666+03:00,2025-09-30 21:28:48.409666+03:00
7010.SR,Saudi Telecom Company,Tadawul,2022,2022-12-31,67431546000.00,37393255000.00,12170537000.00,26354390000.00,18652576000.00,2025-09-30 21:28:48.409666+03:00,2025-09-30 21:28:48.409666+03:00
7010.SR,Saudi Telecom Company,Tadawul,2021,2021-12-31,63007986000.00,33794029000.00,11311342000.00,11220155000.00,3010181000.00,2025-09-30 21:28:48.409666+03:00,2025-09-30 21:28:48.409666+03:00
7010.SR,Saudi Telecom Company,Tadawul,2020,2020-12-31,,,,,,2025-09-30 21:28:48.409666+03:00,2025-09-30 21:28:48.409666+03:00
7020.SR,Etihad Etisalat Company,Tadawul,2024,2024-12-31,18206447000.00,9894026000.00,3106848000.00,6336758000.00,3666805000.00,2025-09-30 22:24:13.449930+03:00,2025-09-30 22:24:13.449930+03:00
7020.SR,Etihad Etisalat Company,Tadawul,2023,2023-12-31,16762681000.00,9253488000.00,2231977000.00,5752070000.00,3721866000.00,2025-09-30 22:24:13.449930+03:00,2025-09-30 22:24:13.449930+03:00
7020.SR,Etihad Etisalat Company,Tadawul,2022,2022-12-31,15717415000.00,9381337000.00,1656940000.00,5683893000.00,3252911000.00,2025-09-30 22:24:13.449930+03:00,2025-09-30 22:24:13.449930+03:00
7020.SR,Etihad Etisalat Company,Tadawul,2021,2021-12-31,14834056000.00,8671515000.00,1071541000.00,4729378000.00,2510053000.00,2025-09-30 22:24:13.449930+03:00,2025-09-30 22:24:13.449930+03:00
7020.SR,Etihad Etisalat Company,Tadawul,2020,2020-12-31,,,,,,2025-09-30 22:24:13.449930+03:00,2025-09-30 22:24:13.449930+03:00
7030.SR,Mobile Telecommunications Company Saudi Arabia,Tadawul,2024,2024-12-31,10365461000.00,6471066000.00,596369000.00,2158845000.00,1456292000.00,2025-09-30 22:24:17.814461+03:00,2025-09-30 22:24:17.814461+03:00
7030.SR,Mobile Telecommunications Company Saudi Arabia,Tadawul,2023,2023-12-31,9882645000.00,5857251000.00,1267006000.00,1716053000.00,198939000.00,2025-09-30 22:24:17.814461+03:00,2025-09-30 22:24:17.814461+03:00
7030.SR,Mobile Telecommunications Company Saudi Arabia,Tadawul,2022,2022-12-31,9075172000.00,5315370000.00,549666000.00,1912215000.00,565757000.00,2025-09-30 22:24:17.814461+03:00,2025-09-30 22:24:17.814461+03:00
7030.SR,Mobile Telecommunications Company Saudi Arabia,Tadawul,2021,2021-12-31,7900646000.00,4884595000.00,214302000.00,1574454000.00,485659000.00,2025-09-30 22:24:17.814461+03:00,2025-09-30 22:24:17.814461+03:00
7040.SR,Etihad Atheeb Telecommunication Company,Tadawul,2025,2025-03-31,1462135970.00,431124663.00,219575526.00,215804057.00,181859905.00,2025-09-30 22:24:22.232687+03:00,2025-09-30 22:24:22.232687+03:00
7040.SR,Etihad Atheeb Telecommunication Company,Tadawul,2024,2024-03-31,1016118736.00,305470474.00,194678385.00,263324805.00,177373844.00,2025-09-30 22:24:22.232687+03:00,2025-09-30 22:24:22.232687+03:00
7040.SR,Etihad Atheeb Telecommunication Company,Tadawul,2023,2023-03-31,630339790.00,182688170.00,42468239.00,5245776.00,1668136.00,2025-09-30 22:24:22.232687+03:00,2025-09-30 22:24:22.232687+03:00
7040.SR,Etihad Atheeb Telecommunication Company,Tadawul,2022,2022-03-31,378553765.00,91843765.00,-37399886.00,63072393.00,41907396.00,2025-09-30 22:24:22.232687+03:00,2025-09-30 22:24:22.232687+03:00
7040.SR,Etihad Atheeb Telecommunication Company,Tadawul,2021,2021-03-31,,,,,,2025-09-30 22:24:22.232687+03:00,2025-09-30 22:24:22.232687+03:00
7200.SR,Al Moammar Information Systems Company,Tadawul,2024,2024-12-31,1212982515.00,257767654.00,124401607.00,-87929059.00,-101997293.00,2025-09-30 22:27:26.383185+03:00,2025-09-30 22:27:26.383185+03:00
7200.SR,Al Moammar Information Systems Company,Tadawul,2023,2023-12-31,1459714733.00,245778853.00,13973356.00,-88835474.00,-90477292.00,2025-09-30 22:27:26.383185+03:00,2025-09-30 22:27:26.383185+03:00
7200.SR,Al Moammar Information Systems Company,Tadawul,2022,2022-12-31,789621989.00,202774140.00,95863760.00,198145073.00,193116433.00,2025-09-30 22:27:26.383185+03:00,2025-09-30 22:27:26.383185+03:00
7200.SR,Al Moammar Information Systems Company,Tadawul,2021,2021-12-31,638823828.00,166715145.00,56479749.00,45406565.00,32260253.00,2025-09-30 22:27:26.383185+03:00,2025-09-30 22:27:26.383185+03:00
7200.SR,Al Moammar Information Systems Company,Tadawul,2020,2020-12-31,,,,,,2025-09-30 22:27:26.383185+03:00,2025-09-30 22:27:26.383185+03:00
7201.SR,Arab Sea Information Systems Company,Tadawul,2024,2024-12-31,43308196.00,17535613.00,-17700041.00,17290136.00,633233.00,2025-09-30 22:27:30.733853+03:00,2025-09-30 22:27:30.733853+03:00
7201.SR,Arab Sea Information Systems Company,Tadawul,2023,2023-12-31,41170429.00,20683743.00,-9770344.00,6260653.00,-5725745.00,2025-09-30 22:27:30.733853+03:00,2025-09-30 22:27:30.733853+03:00
7201.SR,Arab Sea Information Systems Company,Tadawul,2022,2022-12-31,40847398.00,19469037.00,-10439023.00,-2104263.00,-10167969.00,2025-09-30 22:27:30.733853+03:00,2025-09-30 22:27:30.733853+03:00
7201.SR,Arab Sea Information Systems Company,Tadawul,2021,2021-12-31,57450145.00,37504743.00,21549524.00,21652723.00,16391091.00,2025-09-30 22:27:30.733853+03:00,2025-09-30 22:27:30.733853+03:00
7201.SR,Arab Sea Information Systems Company,Tadawul,2020,2020-12-31,,,,,,2025-09-30 22:27:30.733853+03:00,2025-09-30 22:27:30.733853+03:00
7202.SR,Arabian Internet and Communication Services Company,Tadawul,2024,2024-12-31,12063897000.00,2782974000.00,1596633000.00,1509256000.00,1254060000.00,2025-09-30 22:27:35.260514+03:00,2025-09-30 22:27:35.260514+03:00
7202.SR,Arabian Internet and Communication Services Company,Tadawul,2023,2023-12-31,11040493000.00,2597618000.00,1192148000.00,1715337000.00,1603385000.00,2025-09-30 22:27:35.260514+03:00,2025-09-30 22:27:35.260514+03:00
7202.SR,Arabian Internet and Communication Services Company,Tadawul,2022,2022-12-31,8805091000.00,2011246000.00,1052869000.00,2122136000.00,1988241000.00,2025-09-30 22:27:35.260514+03:00,2025-09-30 22:27:35.260514+03:00
7202.SR,Arabian Internet and Communication Services Company,Tadawul,2021,2021-12-31,7208336844.00,1707966726.00,832918609.00,1395283630.00,1240334352.00,2025-09-30 22:27:35.260514+03:00,2025-09-30 22:27:35.260514+03:00
7202.SR,Arabian Internet and Communication Services Company,Tadawul,2020,2020-12-31,,,,,,2025-09-30 22:27:35.260514+03:00,2025-09-30 22:27:35.260514+03:00
7203.SR,Elm Company,Tadawul,2024,2024-12-31,7406794402.00,3025720349.00,1826871586.00,1659338913.00,1431190009.00,2025-09-30 22:27:39.626402+03:00,2025-09-30 22:27:39.626402+03:00
7203.SR,Elm Company,Tadawul,2023,2023-12-31,5898362840.00,2331724276.00,1356230754.00,1558622748.00,1384527006.00,2025-09-30 22:27:39.626402+03:00,2025-09-30 22:27:39.626402+03:00
7203.SR,Elm Company,Tadawul,2022,2022-12-31,4606098893.00,1885860653.00,930189589.00,1706171520.00,1552479310.00,2025-09-30 22:27:39.626402+03:00,2025-09-30 22:27:39.626402+03:00
7203.SR,Elm Company,Tadawul,2021,2021-12-31,3827650269.00,1322913512.00,566891419.00,598428352.00,504053818.00,2025-09-30 22:27:39.626402+03:00,2025-09-30 22:27:39.626402+03:00
7203.SR,Elm Company,Tadawul,2020,2020-12-31,,,,,,2025-09-30 22:27:39.626402+03:00,2025-09-30 22:27:39.626402+03:00
7204.SR,Perfect Presentation for Commercial Services Company,Tadawul,2024,2024-12-31,1071028069.00,250923666.00,163335937.00,-63591709.00,-82746321.00,2025-09-30 22:27:44.072021+03:00,2025-09-30 22:27:44.072021+03:00
7204.SR,Perfect Presentation for Commercial Services Company,Tadawul,2023,2023-12-31,1129673140.00,210405535.00,129293157.00,-76360927.00,-123798161.00,2025-09-30 22:27:44.072021+03:00,2025-09-30 22:27:44.072021+03:00
7204.SR,Perfect Presentation for Commercial Services Company,Tadawul,2022,2022-12-31,927170895.00,199383554.00,131455234.00,-21833978.00,-42361510.00,2025-09-30 22:27:44.072021+03:00,2025-09-30 22:27:44.072021+03:00
7204.SR,Perfect Presentation for Commercial Services Company,Tadawul,2021,2021-12-31,655478211.00,116005800.00,80615566.00,96925090.00,75122767.00,2025-09-30 22:27:44.072021+03:00,2025-09-30 22:27:44.072021+03:00
7211.SR,Saudi Azm for Communication and Information Technology Company,Tadawul,2025,2025-06-30,253158857.00,73407818.00,37445172.00,108941575.00,96858206.00,2025-09-30 22:27:48.419751+03:00,2025-09-30 22:27:48.419751+03:00
7211.SR,Saudi Azm for Communication and Information Technology Company,Tadawul,2024,2024-06-30,217638378.00,57822217.00,27948450.00,1570574.00,-1137007.00,2025-09-30 22:27:48.419751+03:00,2025-09-30 22:27:48.419751+03:00
7211.SR,Saudi Azm for Communication and Information Technology Company,Tadawul,2023,2023-06-30,170829037.00,38473882.00,23081725.00,33238268.00,31809370.00,2025-09-30 22:27:48.419751+03:00,2025-09-30 22:27:48.419751+03:00
7211.SR,Saudi Azm for Communication and Information Technology Company,Tadawul,2022,2022-06-30,152560468.00,30810721.00,19104434.00,32192452.00,24652447.00,2025-09-30 22:27:48.419751+03:00,2025-09-30 22:27:48.419751+03:00
7211.SR,Saudi Azm for Communication and Information Technology Company,Tadawul,2021,2021-06-30,,,,,,2025-09-30 22:27:48.419751+03:00,2025-09-30 22:27:48.419751+03:00
8010.SR,The Company for Cooperative Insurance,Tadawul,2024,2024-12-31,16596268000.00,,1022025000.00,2871922000.00,2385254000.00,2025-09-30 22:22:18.977085+03:00,2025-09-30 22:22:18.977085+03:00
8010.SR,The Company for Cooperative Insurance,Tadawul,2023,2023-12-31,13861129000.00,,616426000.00,1597174000.00,1495437000.00,2025-09-30 22:22:18.977085+03:00,2025-09-30 22:22:18.977085+03:00
8010.SR,The Company for Cooperative Insurance,Tadawul,2022,2022-12-31,9987955000.00,,302193000.00,1173445000.00,1111584000.00,2025-09-30 22:22:18.977085+03:00,2025-09-30 22:22:18.977085+03:00
8010.SR,The Company for Cooperative Insurance,Tadawul,2021,2021-12-31,8354442000.00,,288890000.00,923440000.00,894722000.00,2025-09-30 22:22:18.977085+03:00,2025-09-30 22:22:18.977085+03:00
8010.SR,The Company for Cooperative Insurance,Tadawul,2020,2020-12-31,,,,,,2025-09-30 22:22:18.977085+03:00,2025-09-30 22:22:18.977085+03:00
8012.SR,Aljazira Takaful Taawuni Company,Tadawul,2024,2024-12-31,460475000.00,,37203000.00,72596000.00,63234000.00,2025-09-30 22:22:53.876165+03:00,2025-09-30 22:22:53.876165+03:00
8012.SR,Aljazira Takaful Taawuni Company,Tadawul,2023,2023-12-31,584197000.00,,44254000.00,-10419000.00,-11307000.00,2025-09-30 22:22:53.876165+03:00,2025-09-30 22:22:53.876165+03:00
8012.SR,Aljazira Takaful Taawuni Company,Tadawul,2022,2022-12-31,-7964000.00,,38520000.00,146435000.00,144530000.00,2025-09-30 22:22:53.876165+03:00,2025-09-30 22:22:53.876165+03:00
8012.SR,Aljazira Takaful Taawuni Company,Tadawul,2021,2021-12-31,189703000.00,,23018000.00,-103713000.00,-104281000.00,2025-09-30 22:22:53.876165+03:00,2025-09-30 22:22:53.876165+03:00
8012.SR,Aljazira Takaful Taawuni Company,Tadawul,2020,2020-12-31,,,,,,2025-09-30 22:22:53.876165+03:00,2025-09-30 22:22:53.876165+03:00
8020.SR,Malath Cooperative Insurance Company,Tadawul,2024,2024-12-31,983299000.00,,26889000.00,250597000.00,249833000.00,2025-09-30 22:22:23.312493+03:00,2025-09-30 22:22:23.312493+03:00
8020.SR,Malath Cooperative Insurance Company,Tadawul,2023,2023-12-31,913169000.00,,38188000.00,-108911000.00,-111156000.00,2025-09-30 22:22:23.312493+03:00,2025-09-30 22:22:23.312493+03:00
8020.SR,Malath Cooperative Insurance Company,Tadawul,2022,2022-12-31,938379000.00,,-41378000.00,-128618000.00,-129271000.00,2025-09-30 22:22:23.312493+03:00,2025-09-30 22:22:23.312493+03:00
8020.SR,Malath Cooperative Insurance Company,Tadawul,2021,2021-12-31,818444000.00,,-85660000.00,-60137000.00,-64836000.00,2025-09-30 22:22:23.312493+03:00,2025-09-30 22:22:23.312493+03:00
8020.SR,Malath Cooperative Insurance Company,Tadawul,2020,2020-12-31,,,,,,2025-09-30 22:22:23.312493+03:00,2025-09-30 22:22:23.312493+03:00
8030.SR,The Mediterranean and Gulf Cooperative Insurance and Reinsurance Company,Tadawul,2024,2024-12-31,3351502000.00,,101994000.00,-53526000.00,-58284000.00,2025-09-30 22:22:27.689742+03:00,2025-09-30 22:22:27.689742+03:00
8030.SR,The Mediterranean and Gulf Cooperative Insurance and Reinsurance Company,Tadawul,2023,2023-12-31,2894837000.00,,201472000.00,67753000.00,54022000.00,2025-09-30 22:22:27.689742+03:00,2025-09-30 22:22:27.689742+03:00
8030.SR,The Mediterranean and Gulf Cooperative Insurance and Reinsurance Company,Tadawul,2022,2022-12-31,2217397000.00,,-396870000.00,191169000.00,164364000.00,2025-09-30 22:22:27.689742+03:00,2025-09-30 22:22:27.689742+03:00
8030.SR,The Mediterranean and Gulf Cooperative Insurance and Reinsurance Company,Tadawul,2021,2021-12-31,1739129000.00,,-140588000.00,-167079000.00,-182108000.00,2025-09-30 22:22:27.689742+03:00,2025-09-30 22:22:27.689742+03:00
8030.SR,The Mediterranean and Gulf Cooperative Insurance and Reinsurance Company,Tadawul,2020,2020-12-31,,,,,,2025-09-30 22:22:27.689742+03:00,2025-09-30 22:22:27.689742+03:00
8040.SR,Mutakamela Insurance Company,Tadawul,2024,2024-12-31,668929008.00,,15167075.00,-65604502.00,-71173861.00,2025-09-30 22:22:36.445221+03:00,2025-09-30 22:22:36.445221+03:00
8040.SR,Mutakamela Insurance Company,Tadawul,2023,2023-12-31,662695882.00,,36986892.00,142265736.00,138940484.00,2025-09-30 22:22:36.445221+03:00,2025-09-30 22:22:36.445221+03:00
8040.SR,Mutakamela Insurance Company,Tadawul,2022,2022-12-31,450972507.00,,8575802.00,104490846.00,101459613.00,2025-09-30 22:22:36.445221+03:00,2025-09-30 22:22:36.445221+03:00
8040.SR,Mutakamela Insurance Company,Tadawul,2021,2021-12-31,482150645.00,,5619429.00,-162946.00,-2468247.00,2025-09-30 22:22:36.445221+03:00,2025-09-30 22:22:36.445221+03:00
8040.SR,Mutakamela Insurance Company,Tadawul,2020,2020-12-31,,,,,,2025-09-30 22:22:36.445221+03:00,2025-09-30 22:22:36.445221+03:00
8050.SR,Salama Cooperative Insurance Company,Tadawul,2024,2024-12-31,605378000.00,,30123000.00,-155575000.00,-160069000.00,2025-09-30 22:22:45.212554+03:00,2025-09-30 22:22:45.212554+03:00
8050.SR,Salama Cooperative Insurance Company,Tadawul,2023,2023-12-31,750143000.00,,51302000.00,53763000.00,51298000.00,2025-09-30 22:22:45.212554+03:00,2025-09-30 22:22:45.212554+03:00
8050.SR,Salama Cooperative Insurance Company,Tadawul,2022,2022-12-31,567633000.00,,-38868000.00,69463000.00,64879000.00,2025-09-30 22:22:45.212554+03:00,2025-09-30 22:22:45.212554+03:00
8050.SR,Salama Cooperative Insurance Company,Tadawul,2021,2021-12-31,426518000.00,,-112410000.00,-94346000.00,-94845000.00,2025-09-30 22:22:45.212554+03:00,2025-09-30 22:22:45.212554+03:00
8050.SR,Salama Cooperative Insurance Company,Tadawul,2020,2020-12-31,,,,,,2025-09-30 22:22:45.212554+03:00,2025-09-30 22:22:45.212554+03:00
8060.SR,Walaa Cooperative Insurance Company,Tadawul,2024,2024-12-31,3609662000.00,,64303000.00,65575000.00,8816000.00,2025-09-30 22:22:32.083875+03:00,2025-09-30 22:22:32.083875+03:00
8060.SR,Walaa Cooperative Insurance Company,Tadawul,2023,2023-12-31,3217859000.00,,147977000.00,423386000.00,399842000.00,2025-09-30 22:22:32.083875+03:00,2025-09-30 22:22:32.083875+03:00
8060.SR,Walaa Cooperative Insurance Company,Tadawul,2022,2022-12-31,1426191000.00,,-68080000.00,59365000.00,52067000.00,2025-09-30 22:22:32.083875+03:00,2025-09-30 22:22:32.083875+03:00
8060.SR,Walaa Cooperative Insurance Company,Tadawul,2021,2021-12-31,1172638000.00,,-122054000.00,-100571000.00,-131127000.00,2025-09-30 22:22:32.083875+03:00,2025-09-30 22:22:32.083875+03:00
8060.SR,Walaa Cooperative Insurance Company,Tadawul,2020,2020-12-31,,,,,,2025-09-30 22:22:32.083875+03:00,2025-09-30 22:22:32.083875+03:00
8070.SR,Arabian Shield Cooperative Insurance Company,Tadawul,2024,2024-12-31,1144417000.00,,70995000.00,-31693000.00,-40223000.00,2025-09-30 22:22:40.805343+03:00,2025-09-30 22:22:40.805343+03:00
8070.SR,Arabian Shield Cooperative Insurance Company,Tadawul,2023,2023-12-31,881313000.00,,66940000.00,228409000.00,219192000.00,2025-09-30 22:22:40.805343+03:00,2025-09-30 22:22:40.805343+03:00
8070.SR,Arabian Shield Cooperative Insurance Company,Tadawul,2022,2022-12-31,627702000.00,,-18225000.00,85390000.00,78621000.00,2025-09-30 22:22:40.805343+03:00,2025-09-30 22:22:40.805343+03:00
8070.SR,Arabian Shield Cooperative Insurance Company,Tadawul,2021,2021-12-31,436466000.00,,29022000.00,-74995000.00,-79705000.00,2025-09-30 22:22:40.805343+03:00,2025-09-30 22:22:40.805343+03:00
8070.SR,Arabian Shield Cooperative Insurance Company,Tadawul,2020,2020-12-31,,,,,,2025-09-30 22:22:40.805343+03:00,2025-09-30 22:22:40.805343+03:00
8100.SR,Saudi Arabian Cooperative Insurance Company,Tadawul,2024,2024-12-31,702710000.00,,49318000.00,184315000.00,171497000.00,2025-09-30 22:22:49.616508+03:00,2025-09-30 22:22:49.616508+03:00
8100.SR,Saudi Arabian Cooperative Insurance Company,Tadawul,2023,2023-12-31,799461000.00,,71098000.00,18708000.00,-12568000.00,2025-09-30 22:22:49.616508+03:00,2025-09-30 22:22:49.616508+03:00
8100.SR,Saudi Arabian Cooperative Insurance Company,Tadawul,2022,2022-12-31,694822000.00,,-61647000.00,18145000.00,-6792000.00,2025-09-30 22:22:49.616508+03:00,2025-09-30 22:22:49.616508+03:00
8100.SR,Saudi Arabian Cooperative Insurance Company,Tadawul,2021,2021-12-31,605399605.00,,-62634679.00,-37658082.00,-44921863.00,2025-09-30 22:22:49.616508+03:00,2025-09-30 22:22:49.616508+03:00
8100.SR,Saudi Arabian Cooperative Insurance Company,Tadawul,2020,2020-12-31,,,,,,2025-09-30 22:22:49.616508+03:00,2025-09-30 22:22:49.616508+03:00
8120.SR,Gulf Union Alahlia Cooperative Insurance Company,Tadawul,2024,2024-12-31,740865609.00,,43645516.00,64857695.00,49998230.00,2025-09-30 22:22:58.320670+03:00,2025-09-30 22:22:58.320670+03:00
8120.SR,Gulf Union Alahlia Cooperative Insurance Company,Tadawul,2023,2023-12-31,624459072.00,,125037351.00,138843962.00,127609280.00,2025-09-30 22:22:58.320670+03:00,2025-09-30 22:22:58.320670+03:00
8120.SR,Gulf Union Alahlia Cooperative Insurance Company,Tadawul,2022,2022-12-31,433327290.00,,-18299703.00,-71567190.00,-83427073.00,2025-09-30 22:22:58.320670+03:00,2025-09-30 22:22:58.320670+03:00
8120.SR,Gulf Union Alahlia Cooperative Insurance Company,Tadawul,2021,2021-12-31,619800204.00,,-141189259.00,-158345932.00,-163104269.00,2025-09-30 22:22:58.320670+03:00,2025-09-30 22:22:58.320670+03:00
8120.SR,Gulf Union Alahlia Cooperative Insurance Company,Tadawul,2020,2020-12-31,,,,,,2025-09-30 22:22:58.320670+03:00,2025-09-30 22:22:58.320670+03:00
8150.SR,Allied Cooperative Insurance Group,Tadawul,2024,2024-12-31,835553000.00,,-16483000.00,-57501000.00,-60453000.00,2025-09-30 22:23:02.570798+03:00,2025-09-30 22:23:02.570798+03:00
8150.SR,Allied Cooperative Insurance Group,Tadawul,2023,2023-12-31,937455000.00,,63406000.00,139650000.00,136699000.00,2025-09-30 22:23:02.570798+03:00,2025-09-30 22:23:02.570798+03:00
8150.SR,Allied Cooperative Insurance Group,Tadawul,2022,2022-12-31,606704000.00,,-17344000.00,111410000.00,108900000.00,2025-09-30 22:23:02.570798+03:00,2025-09-30 22:23:02.570798+03:00
8150.SR,Allied Cooperative Insurance Group,Tadawul,2021,2021-12-31,493144000.00,,-114584000.00,-23041000.00,-26794000.00,2025-09-30 22:23:02.570798+03:00,2025-09-30 22:23:02.570798+03:00
8150.SR,Allied Cooperative Insurance Group,Tadawul,2020,2020-12-31,,,,,,2025-09-30 22:23:02.570798+03:00,2025-09-30 22:23:02.570798+03:00
8160.SR,Arabia Insurance Cooperative Company,Tadawul,2024,2024-12-31,577800581.00,,31727744.00,-18597175.00,-25254059.00,2025-09-30 22:23:07.024242+03:00,2025-09-30 22:23:07.024242+03:00
8160.SR,Arabia Insurance Cooperative Company,Tadawul,2023,2023-12-31,730590772.00,,66291668.00,79881442.00,74753249.00,2025-09-30 22:23:07.024242+03:00,2025-09-30 22:23:07.024242+03:00
8160.SR,Arabia Insurance Cooperative Company,Tadawul,2022,2022-12-31,455770243.00,,7255779.00,132334993.00,126596438.00,2025-09-30 22:23:07.024242+03:00,2025-09-30 22:23:07.024242+03:00
8160.SR,Arabia Insurance Cooperative Company,Tadawul,2021,2021-12-31,307375689.00,,-5517385.00,-29708910.00,-33147332.00,2025-09-30 22:23:07.024242+03:00,2025-09-30 22:23:07.024242+03:00
8160.SR,Arabia Insurance Cooperative Company,Tadawul,2020,2020-12-31,,,,,,2025-09-30 22:23:07.024242+03:00,2025-09-30 22:23:07.024242+03:00
8170.SR,Al-Etihad Cooperative Insurance Company,Tadawul,2024,2024-12-31,1368048000.00,,49134000.00,-338081000.00,-344617000.00,2025-09-30 22:23:11.567309+03:00,2025-09-30 22:23:11.567309+03:00
8170.SR,Al-Etihad Cooperative Insurance Company,Tadawul,2023,2023-12-31,1205425000.00,,93896000.00,280987000.00,271218000.00,2025-09-30 22:23:11.567309+03:00,2025-09-30 22:23:11.567309+03:00
8170.SR,Al-Etihad Cooperative Insurance Company,Tadawul,2022,2022-12-31,1028876000.00,,12702000.00,89392000.00,89392000.00,2025-09-30 22:23:11.567309+03:00,2025-09-30 22:23:11.567309+03:00
8170.SR,Al-Etihad Cooperative Insurance Company,Tadawul,2021,2021-12-31,796003740.00,,33432317.00,160043906.00,154210494.00,2025-09-30 22:23:11.567309+03:00,2025-09-30 22:23:11.567309+03:00
8170.SR,Al-Etihad Cooperative Insurance Company,Tadawul,2020,2020-12-31,,,,,,2025-09-30 22:23:11.567309+03:00,2025-09-30 22:23:11.567309+03:00
8180.SR,Al Sagr Cooperative Insurance Company,Tadawul,2024,2024-12-31,463650665.00,,31858208.00,27603492.00,15248396.00,2025-09-30 22:23:15.857909+03:00,2025-09-30 22:23:15.857909+03:00
8180.SR,Al Sagr Cooperative Insurance Company,Tadawul,2023,2023-12-31,452968535.00,,42299859.00,-3031730.00,-3494545.00,2025-09-30 22:23:15.857909+03:00,2025-09-30 22:23:15.857909+03:00
8180.SR,Al Sagr Cooperative Insurance Company,Tadawul,2022,2022-12-31,415820493.00,,-53459717.00,-72316933.00,-76274902.00,2025-09-30 22:23:15.857909+03:00,2025-09-30 22:23:15.857909+03:00
8180.SR,Al Sagr Cooperative Insurance Company,Tadawul,2021,2021-12-31,341335064.00,,-74471147.00,-124565340.00,-131017853.00,2025-09-30 22:23:15.857909+03:00,2025-09-30 22:23:15.857909+03:00
8180.SR,Al Sagr Cooperative Insurance Company,Tadawul,2020,2020-12-31,,,,,,2025-09-30 22:23:15.857909+03:00,2025-09-30 22:23:15.857909+03:00
8190.SR,United Cooperative Assurance Company,Tadawul,2024,2024-12-31,754183000.00,,-15055000.00,-10790000.00,-31917000.00,2025-09-30 22:23:20.147505+03:00,2025-09-30 22:23:20.147505+03:00
8190.SR,United Cooperative Assurance Company,Tadawul,2023,2023-12-31,656482000.00,,5292000.00,21071000.00,9341000.00,2025-09-30 22:23:20.147505+03:00,2025-09-30 22:23:20.147505+03:00
8190.SR,United Cooperative Assurance Company,Tadawul,2022,2022-12-31,319474000.00,,-55482000.00,7204000.00,-1220000.00,2025-09-30 22:23:20.147505+03:00,2025-09-30 22:23:20.147505+03:00
8190.SR,United Cooperative Assurance Company,Tadawul,2021,2021-12-31,227383000.00,,-73671000.00,-5928000.00,-13892000.00,2025-09-30 22:23:20.147505+03:00,2025-09-30 22:23:20.147505+03:00
8190.SR,United Cooperative Assurance Company,Tadawul,2020,2020-12-31,,,,,,2025-09-30 22:23:20.147505+03:00,2025-09-30 22:23:20.147505+03:00
8200.SR,Saudi Reinsurance Company,Tadawul,2024,2024-12-31,44574725.00,,474811642.00,184891476.00,182974823.00,2025-09-30 22:23:24.638255+03:00,2025-09-30 22:23:24.638255+03:00
8200.SR,Saudi Reinsurance Company,Tadawul,2023,2023-12-31,181898041.00,,124429494.00,-5887684.00,-9361596.00,2025-09-30 22:23:24.638255+03:00,2025-09-30 22:23:24.638255+03:00
8200.SR,Saudi Reinsurance Company,Tadawul,2022,2022-12-31,209673021.00,,76052381.00,72932841.00,70887286.00,2025-09-30 22:23:24.638255+03:00,2025-09-30 22:23:24.638255+03:00
8200.SR,Saudi Reinsurance Company,Tadawul,2021,2021-12-31,897169947.00,,38309395.00,411676535.00,405533039.00,2025-09-30 22:23:24.638255+03:00,2025-09-30 22:23:24.638255+03:00
8210.SR,Bupa Arabia for Cooperative Insurance Company,Tadawul,2024,2024-12-31,18794316000.00,,1166002000.00,1374155000.00,1321226000.00,2025-09-30 22:23:29.241172+03:00,2025-09-30 22:23:29.241172+03:00
8210.SR,Bupa Arabia for Cooperative Insurance Company,Tadawul,2023,2023-12-31,16464810000.00,,940163000.00,2277274000.00,2236017000.00,2025-09-30 22:23:29.241172+03:00,2025-09-30 22:23:29.241172+03:00
8210.SR,Bupa Arabia for Cooperative Insurance Company,Tadawul,2022,2022-12-31,13438428000.00,,805117000.00,1705305000.00,1683836000.00,2025-09-30 22:23:29.241172+03:00,2025-09-30 22:23:29.241172+03:00
8210.SR,Bupa Arabia for Cooperative Insurance Company,Tadawul,2021,2021-12-31,10878152000.00,,625570000.00,462041000.00,433161000.00,2025-09-30 22:23:29.241172+03:00,2025-09-30 22:23:29.241172+03:00
8210.SR,Bupa Arabia for Cooperative Insurance Company,Tadawul,2020,2020-12-31,,,,,,2025-09-30 22:23:29.241172+03:00,2025-09-30 22:23:29.241172+03:00
8230.SR,Al Rajhi Company for Cooperative Insurance,Tadawul,2024,2024-12-31,5176091000.00,,332343000.00,-454676000.00,-581629000.00,2025-09-30 22:23:33.511624+03:00,2025-09-30 22:23:33.511624+03:00
8230.SR,Al Rajhi Company for Cooperative Insurance,Tadawul,2023,2023-12-31,3770821000.00,,328061000.00,1011589000.00,951486000.00,2025-09-30 22:23:33.511624+03:00,2025-09-30 22:23:33.511624+03:00
8230.SR,Al Rajhi Company for Cooperative Insurance,Tadawul,2022,2022-12-31,2435258000.00,,72391000.00,470663000.00,437683000.00,2025-09-30 22:23:33.511624+03:00,2025-09-30 22:23:33.511624+03:00
8230.SR,Al Rajhi Company for Cooperative Insurance,Tadawul,2021,2021-12-31,2386501000.00,,108589000.00,177501000.00,144945000.00,2025-09-30 22:23:33.511624+03:00,2025-09-30 22:23:33.511624+03:00
8230.SR,Al Rajhi Company for Cooperative Insurance,Tadawul,2020,2020-12-31,,,,,,2025-09-30 22:23:33.511624+03:00,2025-09-30 22:23:33.511624+03:00
8240.SR,Chubb Arabia Cooperative Insurance Company,Tadawul,2024,2024-12-31,180296967.00,,16292651.00,14505516.00,12638670.00,2025-09-30 22:23:37.968498+03:00,2025-09-30 22:23:37.968498+03:00
8240.SR,Chubb Arabia Cooperative Insurance Company,Tadawul,2023,2023-12-31,164811649.00,,24817556.00,36166094.00,34288481.00,2025-09-30 22:23:37.968498+03:00,2025-09-30 22:23:37.968498+03:00
8240.SR,Chubb Arabia Cooperative Insurance Company,Tadawul,2022,2022-12-31,136524385.00,,12537584.00,25027676.00,22487967.00,2025-09-30 22:23:37.968498+03:00,2025-09-30 22:23:37.968498+03:00
8240.SR,Chubb Arabia Cooperative Insurance Company,Tadawul,2021,2021-12-31,124072314.00,,8943629.00,976593.00,-3375443.00,2025-09-30 22:23:37.968498+03:00,2025-09-30 22:23:37.968498+03:00
8240.SR,Chubb Arabia Cooperative Insurance Company,Tadawul,2020,2020-12-31,,,,,,2025-09-30 22:23:37.968498+03:00,2025-09-30 22:23:37.968498+03:00
8250.SR,Gulf Insurance Group,Tadawul,2024,2024-12-31,1379606000.00,,98195000.00,71174000.00,65304000.00,2025-09-30 22:23:42.257128+03:00,2025-09-30 22:23:42.257128+03:00
8250.SR,Gulf Insurance Group,Tadawul,2023,2023-12-31,1504339000.00,,128526000.00,178476000.00,170226000.00,2025-09-30 22:23:42.257128+03:00,2025-09-30 22:23:42.257128+03:00
8250.SR,Gulf Insurance Group,Tadawul,2022,2022-12-31,1425731000.00,,15913000.00,78943000.00,53718000.00,2025-09-30 22:23:42.257128+03:00,2025-09-30 22:23:42.257128+03:00
8250.SR,Gulf Insurance Group,Tadawul,2021,2021-12-31,1360264000.00,,154553000.00,113446000.00,99873000.00,2025-09-30 22:23:42.257128+03:00,2025-09-30 22:23:42.257128+03:00
8250.SR,Gulf Insurance Group,Tadawul,2020,2020-12-31,,,,,,2025-09-30 22:23:42.257128+03:00,2025-09-30 22:23:42.257128+03:00
8260.SR,Gulf General Cooperative Insurance Company,Tadawul,2024,2024-12-31,385356000.00,,-94207000.00,-19209000.00,-19777000.00,2025-09-30 22:23:46.940380+03:00,2025-09-30 22:23:46.940380+03:00
8260.SR,Gulf General Cooperative Insurance Company,Tadawul,2023,2023-12-31,376801000.00,,3532000.00,16742000.00,16284000.00,2025-09-30 22:23:46.940380+03:00,2025-09-30 22:23:46.940380+03:00
8260.SR,Gulf General Cooperative Insurance Company,Tadawul,2022,2022-12-31,385978000.00,,-106067000.00,-100898000.00,-110624000.00,2025-09-30 22:23:46.940380+03:00,2025-09-30 22:23:46.940380+03:00
8260.SR,Gulf General Cooperative Insurance Company,Tadawul,2021,2021-12-31,264531000.00,,-86776000.00,-133800000.00,-148563000.00,2025-09-30 22:23:46.940380+03:00,2025-09-30 22:23:46.940380+03:00
8260.SR,Gulf General Cooperative Insurance Company,Tadawul,2020,2020-12-31,,,,,,2025-09-30 22:23:46.940380+03:00,2025-09-30 22:23:46.940380+03:00
8270.SR,Buruj Cooperative Insurance Company,Tadawul,2024,2024-12-31,382524871.00,,9385565.00,-80113398.00,-84124901.00,2025-09-30 22:23:51.298539+03:00,2025-09-30 22:23:51.298539+03:00
8270.SR,Buruj Cooperative Insurance Company,Tadawul,2023,2023-12-31,370799250.00,,20083440.00,-7999045.00,-10184200.00,2025-09-30 22:23:51.298539+03:00,2025-09-30 22:23:51.298539+03:00
8270.SR,Buruj Cooperative Insurance Company,Tadawul,2022,2022-12-31,406124075.00,,-29000327.00,-150647857.00,-152069926.00,2025-09-30 22:23:51.298539+03:00,2025-09-30 22:23:51.298539+03:00
8270.SR,Buruj Cooperative Insurance Company,Tadawul,2021,2021-12-31,211569507.00,,4313807.00,46459719.00,44459594.00,2025-09-30 22:23:51.298539+03:00,2025-09-30 22:23:51.298539+03:00
8270.SR,Buruj Cooperative Insurance Company,Tadawul,2020,2020-12-31,,,,,,2025-09-30 22:23:51.298539+03:00,2025-09-30 22:23:51.298539+03:00
8280.SR,Liva Insurance Company,Tadawul,2024,2024-12-31,381431000.00,,32761000.00,38881000.00,36787000.00,2025-09-30 22:23:55.659559+03:00,2025-09-30 22:23:55.659559+03:00
8280.SR,Liva Insurance Company,Tadawul,2023,2023-12-31,436864000.00,,11258000.00,1003000.00,-1000.00,2025-09-30 22:23:55.659559+03:00,2025-09-30 22:23:55.659559+03:00
8280.SR,Liva Insurance Company,Tadawul,2022,2022-12-31,236460000.00,,-42945000.00,41993000.00,40814000.00,2025-09-30 22:23:55.659559+03:00,2025-09-30 22:23:55.659559+03:00
8280.SR,Liva Insurance Company,Tadawul,2021,2021-12-31,116179000.00,,-35377000.00,43129000.00,40292000.00,2025-09-30 22:23:55.659559+03:00,2025-09-30 22:23:55.659559+03:00
8280.SR,Liva Insurance Company,Tadawul,2020,2020-12-31,,,,,,2025-09-30 22:23:55.659559+03:00,2025-09-30 22:23:55.659559+03:00
8300.SR,Wataniya Insurance Company,Tadawul,2024,2024-12-31,1335905000.00,,103050000.00,249035000.00,242163000.00,2025-09-30 22:24:00.079106+03:00,2025-09-30 22:24:00.079106+03:00
8300.SR,Wataniya Insurance Company,Tadawul,2023,2023-12-31,996136000.00,,84581000.00,397089000.00,396550000.00,2025-09-30 22:24:00.079106+03:00,2025-09-30 22:24:00.079106+03:00
8300.SR,Wataniya Insurance Company,Tadawul,2022,2022-12-31,555710000.00,,-27662000.00,57318000.00,49405000.00,2025-09-30 22:24:00.079106+03:00,2025-09-30 22:24:00.079106+03:00
8300.SR,Wataniya Insurance Company,Tadawul,2021,2021-12-31,558814000.00,,-54476000.00,-63984000.00,-82100000.00,2025-09-30 22:24:00.079106+03:00,2025-09-30 22:24:00.079106+03:00
8300.SR,Wataniya Insurance Company,Tadawul,2020,2020-12-31,,,,,,2025-09-30 22:24:00.079106+03:00,2025-09-30 22:24:00.079106+03:00
8310.SR,Amana Cooperative Insurance Company,Tadawul,2024,2024-12-31,226059000.00,,12027000.00,17922000.00,16423000.00,2025-09-30 22:24:04.580857+03:00,2025-09-30 22:24:04.580857+03:00
8310.SR,Amana Cooperative Insurance Company,Tadawul,2023,2023-12-31,185707000.00,,25439000.00,-2712000.00,-3891000.00,2025-09-30 22:24:04.580857+03:00,2025-09-30 22:24:04.580857+03:00
8310.SR,Amana Cooperative Insurance Company,Tadawul,2022,2022-12-31,224220000.00,,-48183000.00,-92171000.00,-94505000.00,2025-09-30 22:24:04.580857+03:00,2025-09-30 22:24:04.580857+03:00
8310.SR,Amana Cooperative Insurance Company,Tadawul,2021,2021-12-31,253785000.00,,-119136000.00,-135655000.00,-137359000.00,2025-09-30 22:24:04.580857+03:00,2025-09-30 22:24:04.580857+03:00
8310.SR,Amana Cooperative Insurance Company,Tadawul,2020,2020-12-31,,,,,,2025-09-30 22:24:04.580857+03:00,2025-09-30 22:24:04.580857+03:00
8311.SR,Saudi Enaya Cooperative Insurance Company,Tadawul,2024,2024-12-31,246950000.00,,-26762000.00,-43517000.00,-45784000.00,2025-09-30 22:24:08.905420+03:00,2025-09-30 22:24:08.905420+03:00
8311.SR,Saudi Enaya Cooperative Insurance Company,Tadawul,2023,2023-12-31,266494000.00,,20222000.00,-19091000.00,-19595000.00,2025-09-30 22:24:08.905420+03:00,2025-09-30 22:24:08.905420+03:00
8311.SR,Saudi Enaya Cooperative Insurance Company,Tadawul,2022,2022-12-31,231906000.00,,-6355000.00,-51744000.00,-52692000.00,2025-09-30 22:24:08.905420+03:00,2025-09-30 22:24:08.905420+03:00
8311.SR,Saudi Enaya Cooperative Insurance Company,Tadawul,2021,2021-12-31,185743000.00,,-61972000.00,10097000.00,9318000.00,2025-09-30 22:24:08.905420+03:00,2025-09-30 22:24:08.905420+03:00
8311.SR,Saudi Enaya Cooperative Insurance Company,Tadawul,2020,2020-12-31,,,,,,2025-09-30 22:24:08.905420+03:00,2025-09-30 22:24:08.905420+03:00
8313.SR,Rasan Information Technology Company,Tadawul,2024,2024-12-31,358329900.00,238142221.00,94727797.00,165115476.00,134033292.00,2025-09-30 22:22:14.612725+03:00,2025-09-30 22:22:14.612725+03:00
8313.SR,Rasan Information Technology Company,Tadawul,2023,2023-12-31,256234155.00,148396393.00,45952326.00,71761792.00,40680615.00,2025-09-30 22:22:14.612725+03:00,2025-09-30 22:22:14.612725+03:00
9300.SR,Alwaha REIT Fund,NOMU,2024,2024-12-31,19231784.00,16238033.00,11596918.00,12277434.00,12277434.00,2025-09-30 22:32:19.931148+03:00,2025-09-30 22:32:19.931148+03:00
9510.SR,National Building and Marketing Co.,NOMU,2024,2024-12-31,818001670.00,120494194.00,45111209.00,76040717.00,-25133697.00,2025-09-30 22:35:50.611757+03:00,2025-09-30 22:35:50.611757+03:00
9510.SR,National Building and Marketing Co.,NOMU,2023,2023-12-31,700611601.00,84138589.00,30614473.00,131009107.00,79188515.00,2025-09-30 22:35:50.611757+03:00,2025-09-30 22:35:50.611757+03:00
9510.SR,National Building and Marketing Co.,NOMU,2022,2022-12-31,652189564.00,70171037.00,38742308.00,86224427.00,57527822.00,2025-09-30 22:35:50.611757+03:00,2025-09-30 22:35:50.611757+03:00
9510.SR,National Building and Marketing Co.,NOMU,2021,2021-12-31,678423649.00,95949982.00,73402337.00,1929765.00,1929765.00,2025-09-30 22:35:50.611757+03:00,2025-09-30 22:35:50.611757+03:00
9510.SR,National Building and Marketing Co.,NOMU,2020,2020-12-31,,,,,,2025-09-30 22:35:50.611757+03:00,2025-09-30 22:35:50.611757+03:00
9513.SR,Watani Iron Steel Company,NOMU,2024,2024-12-31,553305344.00,33679096.00,9867905.00,43301473.00,35945855.00,2025-09-30 22:33:20.094206+03:00,2025-09-30 22:33:20.094206+03:00
9513.SR,Watani Iron Steel Company,NOMU,2023,2023-12-31,370108596.00,24433119.00,4244845.00,21498405.00,-9933119.00,2025-09-30 22:33:20.094206+03:00,2025-09-30 22:33:20.094206+03:00
9513.SR,Watani Iron Steel Company,NOMU,2022,2022-12-31,595642245.00,71373782.00,49552641.00,60826903.00,58845551.00,2025-09-30 22:33:20.094206+03:00,2025-09-30 22:33:20.094206+03:00
9513.SR,Watani Iron Steel Company,NOMU,2021,2021-12-31,622892946.00,68420436.00,47057638.00,59706341.00,59706341.00,2025-09-30 22:33:20.094206+03:00,2025-09-30 22:33:20.094206+03:00
9513.SR,Watani Iron Steel Company,NOMU,2020,2020-12-31,,,,,,2025-09-30 22:33:20.094206+03:00,2025-09-30 22:33:20.094206+03:00
9514.SR,Mohammed Hasan AlNaqool Sons Co.,NOMU,2024,2024-12-31,70952312.00,10278856.00,2692224.00,21079098.00,14369380.00,2025-09-30 22:33:15.773000+03:00,2025-09-30 22:33:15.773000+03:00
9514.SR,Mohammed Hasan AlNaqool Sons Co.,NOMU,2023,2023-12-31,43287643.00,5983669.00,-292593.00,389326.00,-3684883.00,2025-09-30 22:33:15.773000+03:00,2025-09-30 22:33:15.773000+03:00
9514.SR,Mohammed Hasan AlNaqool Sons Co.,NOMU,2022,2022-12-31,43227270.00,5369996.00,202669.00,5958992.00,5958992.00,2025-09-30 22:33:15.773000+03:00,2025-09-30 22:33:15.773000+03:00
9514.SR,Mohammed Hasan AlNaqool Sons Co.,NOMU,2021,2021-12-31,53322085.00,11012647.00,9204656.00,7947961.00,7947961.00,2025-09-30 22:33:15.773000+03:00,2025-09-30 22:33:15.773000+03:00
9514.SR,Mohammed Hasan AlNaqool Sons Co.,NOMU,2020,2020-12-31,,,,,,2025-09-30 22:33:15.773000+03:00,2025-09-30 22:33:15.773000+03:00
9515.SR,Fesh Fash Snack Food Production Company,NOMU,2024,2024-12-31,37733231.00,11634286.00,4040831.00,7099125.00,7099125.00,2025-09-30 22:30:21.776416+03:00,2025-09-30 22:30:21.776416+03:00
9515.SR,Fesh Fash Snack Food Production Company,NOMU,2023,2023-12-31,33750560.00,9794621.00,2543277.00,4943866.00,4943866.00,2025-09-30 22:30:21.776416+03:00,2025-09-30 22:30:21.776416+03:00
9515.SR,Fesh Fash Snack Food Production Company,NOMU,2022,2022-12-31,31454765.00,8122662.00,1537099.00,2356100.00,1805253.00,2025-09-30 22:30:21.776416+03:00,2025-09-30 22:30:21.776416+03:00
9515.SR,Fesh Fash Snack Food Production Company,NOMU,2021,2021-12-31,29819143.00,8771742.00,1400936.00,3666200.00,2493627.00,2025-09-30 22:30:21.776416+03:00,2025-09-30 22:30:21.776416+03:00
9515.SR,Fesh Fash Snack Food Production Company,NOMU,2020,2020-12-31,,,,,,2025-09-30 22:30:21.776416+03:00,2025-09-30 22:30:21.776416+03:00
9516.SR,Natural Gas Distribution Company,NOMU,2024,2024-12-31,109921407.00,8553556.00,3768988.00,16147595.00,16147595.00,2025-09-30 22:32:15.683547+03:00,2025-09-30 22:32:15.683547+03:00
9516.SR,Natural Gas Distribution Company,NOMU,2023,2023-12-31,92484847.00,8774935.00,3765695.00,8358110.00,8358110.00,2025-09-30 22:32:15.683547+03:00,2025-09-30 22:32:15.683547+03:00
9516.SR,Natural Gas Distribution Company,NOMU,2022,2022-12-31,91004756.00,7967168.00,3290855.00,2662340.00,1276356.00,2025-09-30 22:32:15.683547+03:00,2025-09-30 22:32:15.683547+03:00
9516.SR,Natural Gas Distribution Company,NOMU,2021,2021-12-31,89591285.00,8430096.00,2788273.00,14656824.00,14656824.00,2025-09-30 22:32:15.683547+03:00,2025-09-30 22:32:15.683547+03:00
9516.SR,Natural Gas Distribution Company,NOMU,2020,2020-12-31,,,,,,2025-09-30 22:32:15.683547+03:00,2025-09-30 22:32:15.683547+03:00
9517.SR,MOBI Industry Co.,NOMU,2024,2024-12-31,230685597.00,85439876.00,37594150.00,34125805.00,29181237.00,2025-09-30 22:33:11.357435+03:00,2025-09-30 22:33:11.357435+03:00
9517.SR,MOBI Industry Co.,NOMU,2023,2023-12-31,198842806.00,68766559.00,30347712.00,48619491.00,45982492.00,2025-09-30 22:33:11.357435+03:00,2025-09-30 22:33:11.357435+03:00
9517.SR,MOBI Industry Co.,NOMU,2022,2022-12-31,182387099.00,47211497.00,13923383.00,9208659.00,7181296.00,2025-09-30 22:33:11.357435+03:00,2025-09-30 22:33:11.357435+03:00
9517.SR,MOBI Industry Co.,NOMU,2021,2021-12-31,170375210.00,46888865.00,16129282.00,13667332.00,10956055.00,2025-09-30 22:33:11.357435+03:00,2025-09-30 22:33:11.357435+03:00
9517.SR,MOBI Industry Co.,NOMU,2020,2020-12-31,,,,,,2025-09-30 22:33:11.357435+03:00,2025-09-30 22:33:11.357435+03:00
9518.SR,Canadian General Medical Center Complex Company,NOMU,2024,2024-12-31,110802879.00,28446295.00,10269131.00,4133965.00,-3896701.00,2025-09-30 22:31:58.193787+03:00,2025-09-30 22:31:58.193787+03:00
9518.SR,Canadian General Medical Center Complex Company,NOMU,2023,2023-12-31,100342402.00,31540861.00,15710465.00,12765914.00,9392707.00,2025-09-30 22:31:58.193787+03:00,2025-09-30 22:31:58.193787+03:00
9518.SR,Canadian General Medical Center Complex Company,NOMU,2022,2022-12-31,81229390.00,24972240.00,15654263.00,16529949.00,16428542.00,2025-09-30 22:31:58.193787+03:00,2025-09-30 22:31:58.193787+03:00
9518.SR,Canadian General Medical Center Complex Company,NOMU,2021,2021-12-31,70642658.00,25192878.00,14063361.00,1590469.00,-45489.00,2025-09-30 22:31:58.193787+03:00,2025-09-30 22:31:58.193787+03:00
9518.SR,Canadian General Medical Center Complex Company,NOMU,2020,2020-12-31,,,,,,2025-09-30 22:31:58.193787+03:00,2025-09-30 22:31:58.193787+03:00
9521.SR,INMAR Company,NOMU,2020,2020-12-31,,,,,,2025-09-30 22:30:08.745727+03:00,2025-09-30 22:30:08.745727+03:00
9522.SR,Alhasoob Co.,NOMU,2023,2023-12-31,229811093.00,14360233.00,1741216.00,8157955.00,8157955.00,2025-09-30 22:37:39.105735+03:00,2025-09-30 22:37:39.105735+03:00
9522.SR,Alhasoob Co.,NOMU,2022,2022-12-31,220241931.00,20648208.00,6655091.00,-3760849.00,-3760849.00,2025-09-30 22:37:39.105735+03:00,2025-09-30 22:37:39.105735+03:00
9522.SR,Alhasoob Co.,NOMU,2021,2021-12-31,256456427.00,24098865.00,11949555.00,4394777.00,4394777.00,2025-09-30 22:37:39.105735+03:00,2025-09-30 22:37:39.105735+03:00
9522.SR,Alhasoob Co.,NOMU,2020,2020-12-31,255373868.00,20124876.00,11034282.00,13386075.00,13386075.00,2025-09-30 22:37:39.105735+03:00,2025-09-30 22:37:39.105735+03:00
9523.SR,Group Five Pipe Saudi Company,NOMU,2024,2024-12-31,955403501.00,86039561.00,38520607.00,-57204549.00,-60142581.00,2025-09-30 22:33:24.509678+03:00,2025-09-30 22:33:24.509678+03:00
9523.SR,Group Five Pipe Saudi Company,NOMU,2023,2023-12-31,441177211.00,43273953.00,9373882.00,25610400.00,22845165.00,2025-09-30 22:33:24.509678+03:00,2025-09-30 22:33:24.509678+03:00
9523.SR,Group Five Pipe Saudi Company,NOMU,2022,2022-12-31,223515867.00,-4845807.00,-24378414.00,103990432.00,101898840.00,2025-09-30 22:33:24.509678+03:00,2025-09-30 22:33:24.509678+03:00
9523.SR,Group Five Pipe Saudi Company,NOMU,2021,2021-12-31,641098583.00,61308980.00,35114974.00,8001842.00,-193372.00,2025-09-30 22:33:24.509678+03:00,2025-09-30 22:33:24.509678+03:00
9523.SR,Group Five Pipe Saudi Company,NOMU,2020,2020-12-31,,,,,,2025-09-30 22:33:24.509678+03:00,2025-09-30 22:33:24.509678+03:00
9524.SR,Advance International Company for Communication and Information Technology,NOMU,2024,2024-12-31,43288117.00,18216456.00,1547662.00,2014563.00,-1960960.00,2025-09-30 22:38:17.711192+03:00,2025-09-30 22:38:17.711192+03:00
9524.SR,Advance International Company for Communication and Information Technology,NOMU,2023,2023-12-31,47277648.00,17614639.00,3106150.00,2699024.00,-892762.00,2025-09-30 22:38:17.711192+03:00,2025-09-30 22:38:17.711192+03:00
9524.SR,Advance International Company for Communication and Information Technology,NOMU,2022,2022-12-31,41762783.00,18318423.00,7659888.00,8006299.00,8006299.00,2025-09-30 22:38:17.711192+03:00,2025-09-30 22:38:17.711192+03:00
9524.SR,Advance International Company for Communication and Information Technology,NOMU,2021,2021-12-31,3011081247.00,1818941853.00,512461468.00,9743610.00,9743610.00,2025-09-30 22:38:17.711192+03:00,2025-09-30 22:38:17.711192+03:00
9525.SR,Alwasail Industrial Company,NOMU,2024,2024-12-31,460105865.00,123655490.00,39136831.00,35280636.00,35280636.00,2025-09-30 22:35:41.967977+03:00,2025-09-30 22:35:41.967977+03:00
9525.SR,Alwasail Industrial Company,NOMU,2023,2023-12-31,446004137.00,107938462.00,33588955.00,25650448.00,25650448.00,2025-09-30 22:35:41.967977+03:00,2025-09-30 22:35:41.967977+03:00
9525.SR,Alwasail Industrial Company,NOMU,2022,2022-12-31,386590734.00,97887982.00,32266664.00,35152383.00,35152383.00,2025-09-30 22:35:41.967977+03:00,2025-09-30 22:35:41.967977+03:00
9525.SR,Alwasail Industrial Company,NOMU,2021,2021-12-31,303751059.00,81637640.00,30392008.00,4266259.00,4266259.00,2025-09-30 22:35:41.967977+03:00,2025-09-30 22:35:41.967977+03:00
9527.SR,Alf Meem Yaa for Medical Supplies and Equipment Company,NOMU,2024,2024-12-31,248350537.00,102159968.00,45400932.00,-3555286.00,-4059707.00,2025-09-30 22:31:44.866328+03:00,2025-09-30 22:31:44.866328+03:00
9527.SR,Alf Meem Yaa for Medical Supplies and Equipment Company,NOMU,2023,2023-12-31,220014188.00,95448546.00,33515220.00,36651969.00,34718367.00,2025-09-30 22:31:44.866328+03:00,2025-09-30 22:31:44.866328+03:00
9527.SR,Alf Meem Yaa for Medical Supplies and Equipment Company,NOMU,2022,2022-12-31,193169660.00,90281300.00,26684156.00,8370109.00,7555643.00,2025-09-30 22:31:44.866328+03:00,2025-09-30 22:31:44.866328+03:00
9527.SR,Alf Meem Yaa for Medical Supplies and Equipment Company,NOMU,2021,2021-12-31,151386080.00,69544686.00,21222822.00,20263994.00,20263994.00,2025-09-30 22:31:44.866328+03:00,2025-09-30 22:31:44.866328+03:00
9528.SR,Gas Arabian Services Company,NOMU,2024,2024-12-31,1093034698.00,172408445.00,113955737.00,193142635.00,131699419.00,2025-09-30 22:35:46.359243+03:00,2025-09-30 22:35:46.359243+03:00
9528.SR,Gas Arabian Services Company,NOMU,2023,2023-12-31,721511577.00,123129941.00,81469112.00,59837367.00,26001529.00,2025-09-30 22:35:46.359243+03:00,2025-09-30 22:35:46.359243+03:00
9528.SR,Gas Arabian Services Company,NOMU,2022,2022-12-31,496039689.00,115140926.00,67384817.00,65701814.00,63297531.00,2025-09-30 22:35:46.359243+03:00,2025-09-30 22:35:46.359243+03:00
9528.SR,Gas Arabian Services Company,NOMU,2021,2021-12-31,386463808.00,104702925.00,60060154.00,-7839897.00,-17534922.00,2025-09-30 22:35:46.359243+03:00,2025-09-30 22:35:46.359243+03:00
9530.SR,Arabian International Healthcare Holding Company,NOMU,2024,2024-12-31,814425106.00,195296739.00,-66612767.00,105723146.00,101047991.00,2025-09-30 22:31:49.293475+03:00,2025-09-30 22:31:49.293475+03:00
9530.SR,Arabian International Healthcare Holding Company,NOMU,2023,2023-12-31,806923784.00,190037541.00,38087678.00,12093245.00,3880568.00,2025-09-30 22:31:49.293475+03:00,2025-09-30 22:31:49.293475+03:00
9530.SR,Arabian International Healthcare Holding Company,NOMU,2022,2022-12-31,642672704.00,154160895.00,20474264.00,60182465.00,53770174.00,2025-09-30 22:31:49.293475+03:00,2025-09-30 22:31:49.293475+03:00
9530.SR,Arabian International Healthcare Holding Company,NOMU,2021,2021-12-31,618539790.00,143518468.00,82313802.00,130413074.00,126380106.00,2025-09-30 22:31:49.293475+03:00,2025-09-30 22:31:49.293475+03:00
9530.SR,Arabian International Healthcare Holding Company,NOMU,2020,2020-12-31,,,,,,2025-09-30 22:31:49.293475+03:00,2025-09-30 22:31:49.293475+03:00
9532.SR,Aljouf Mineral Water Bottling Co.,NOMU,2024,2024-12-31,67387235.00,31224775.00,2873680.00,-3549858.00,-3549858.00,2025-09-30 22:30:56.270249+03:00,2025-09-30 22:30:56.270249+03:00
9532.SR,Aljouf Mineral Water Bottling Co.,NOMU,2023,2023-12-31,76873031.00,39006820.00,4104626.00,5954803.00,5954803.00,2025-09-30 22:30:56.270249+03:00,2025-09-30 22:30:56.270249+03:00
9532.SR,Aljouf Mineral Water Bottling Co.,NOMU,2022,2022-12-31,73978442.00,30586254.00,5740355.00,13831694.00,-2278286.00,2025-09-30 22:30:56.270249+03:00,2025-09-30 22:30:56.270249+03:00
9532.SR,Aljouf Mineral Water Bottling Co.,NOMU,2021,2021-12-31,67626114.00,34239454.00,4703004.00,15748190.00,15748190.00,2025-09-30 22:30:56.270249+03:00,2025-09-30 22:30:56.270249+03:00
9533.SR,Saudi Parts Center Company,NOMU,2024,2024-12-31,111309894.00,33969315.00,891432.00,-844270.00,-8735540.00,2025-09-30 22:35:11.389466+03:00,2025-09-30 22:35:11.389466+03:00
9533.SR,Saudi Parts Center Company,NOMU,2023,2023-12-31,113341010.00,36035324.00,5980634.00,1491826.00,-787129.00,2025-09-30 22:35:11.389466+03:00,2025-09-30 22:35:11.389466+03:00
9533.SR,Saudi Parts Center Company,NOMU,2022,2022-12-31,94267819.00,32933263.00,6887048.00,646758.00,-532544.00,2025-09-30 22:35:11.389466+03:00,2025-09-30 22:35:11.389466+03:00
9533.SR,Saudi Parts Center Company,NOMU,2021,2021-12-31,80581300.00,28198747.00,5747317.00,-288897.00,-288897.00,2025-09-30 22:35:11.389466+03:00,2025-09-30 22:35:11.389466+03:00
9535.SR,Ladun Investment Company,NOMU,2024,2024-12-31,1505275867.00,272105915.00,66084456.00,78167224.00,78167224.00,2025-09-30 22:30:13.151600+03:00,2025-09-30 22:30:13.151600+03:00
9535.SR,Ladun Investment Company,NOMU,2023,2023-12-31,1436019591.00,298091219.00,109340966.00,-118932172.00,-118932172.00,2025-09-30 22:30:13.151600+03:00,2025-09-30 22:30:13.151600+03:00
9535.SR,Ladun Investment Company,NOMU,2022,2022-12-31,881179374.00,167063206.00,60190210.00,-161984025.00,-161984025.00,2025-09-30 22:30:13.151600+03:00,2025-09-30 22:30:13.151600+03:00
9535.SR,Ladun Investment Company,NOMU,2021,2021-12-31,769821055.00,102850086.00,80800218.00,20539687.00,20539687.00,2025-09-30 22:30:13.151600+03:00,2025-09-30 22:30:13.151600+03:00
9535.SR,Ladun Investment Company,NOMU,2020,2020-12-31,,,,,,2025-09-30 22:30:13.151600+03:00,2025-09-30 22:30:13.151600+03:00
9536.SR,Arabian Food and Dairy Factories Company,NOMU,2024,2024-12-31,61147536.00,30081634.00,5217473.00,5956200.00,734988.00,2025-09-30 22:30:26.059619+03:00,2025-09-30 22:30:26.059619+03:00
9536.SR,Arabian Food and Dairy Factories Company,NOMU,2023,2023-12-31,62192271.00,28765901.00,5998274.00,9872753.00,6257831.00,2025-09-30 22:30:26.059619+03:00,2025-09-30 22:30:26.059619+03:00
9536.SR,Arabian Food and Dairy Factories Company,NOMU,2022,2022-12-31,58040289.00,23369658.00,3773124.00,4994594.00,2733655.00,2025-09-30 22:30:26.059619+03:00,2025-09-30 22:30:26.059619+03:00
9536.SR,Arabian Food and Dairy Factories Company,NOMU,2021,2021-12-31,52240239.00,22037815.00,6018098.00,6065333.00,3739308.00,2025-09-30 22:30:26.059619+03:00,2025-09-30 22:30:26.059619+03:00
9537.SR,Amwaj International Company,NOMU,2024,2024-12-31,300274471.00,51145418.00,6357488.00,98541325.00,98240783.00,2025-09-30 22:37:43.315462+03:00,2025-09-30 22:37:43.315462+03:00
9537.SR,Amwaj International Company,NOMU,2023,2023-12-31,301933958.00,64800765.00,15959129.00,19705398.00,19072800.00,2025-09-30 22:37:43.315462+03:00,2025-09-30 22:37:43.315462+03:00
9537.SR,Amwaj International Company,NOMU,2022,2022-12-31,323920174.00,64185720.00,29025584.00,-115177951.00,-115177951.00,2025-09-30 22:37:43.315462+03:00,2025-09-30 22:37:43.315462+03:00
9537.SR,Amwaj International Company,NOMU,2021,2021-12-31,270551927.00,57867334.00,28261475.00,-39774623.00,-39774623.00,2025-09-30 22:37:43.315462+03:00,2025-09-30 22:37:43.315462+03:00
9538.SR,Naseej for Technology Co.,NOMU,2024,2024-12-31,246808616.00,59384356.00,3802009.00,46461530.00,29491033.00,2025-09-30 22:38:08.990295+03:00,2025-09-30 22:38:08.990295+03:00
9538.SR,Naseej for Technology Co.,NOMU,2023,2023-12-31,215224567.00,64857975.00,13040322.00,-5821608.00,-14848652.00,2025-09-30 22:38:08.990295+03:00,2025-09-30 22:38:08.990295+03:00
9538.SR,Naseej for Technology Co.,NOMU,2022,2022-12-31,215067718.00,64905577.00,21857045.00,-23011813.00,-23742320.00,2025-09-30 22:38:08.990295+03:00,2025-09-30 22:38:08.990295+03:00
9538.SR,Naseej for Technology Co.,NOMU,2021,2021-12-31,194421673.00,60827859.00,20707512.00,1933980.00,1654981.00,2025-09-30 22:38:08.990295+03:00,2025-09-30 22:38:08.990295+03:00
9539.SR,Aqaseem Factory for Chemicals and Plastics Co.,NOMU,2024,2024-12-31,164772165.00,37091138.00,1314101.00,6904142.00,5646128.00,2025-09-30 22:33:32.995463+03:00,2025-09-30 22:33:32.995463+03:00
9539.SR,Aqaseem Factory for Chemicals and Plastics Co.,NOMU,2023,2023-12-31,150830296.00,39270257.00,10138204.00,6848114.00,-9550881.00,2025-09-30 22:33:32.995463+03:00,2025-09-30 22:33:32.995463+03:00
9539.SR,Aqaseem Factory for Chemicals and Plastics Co.,NOMU,2022,2022-12-31,140510647.00,29019450.00,6019746.00,4968180.00,4968180.00,2025-09-30 22:33:32.995463+03:00,2025-09-30 22:33:32.995463+03:00
9539.SR,Aqaseem Factory for Chemicals and Plastics Co.,NOMU,2021,2021-12-31,98723752.00,23883199.00,7220113.00,292653.00,292653.00,2025-09-30 22:33:32.995463+03:00,2025-09-30 22:33:32.995463+03:00
9540.SR,National Environmental Recycling Company,NOMU,2024,2024-12-31,806045768.00,58291127.00,36164558.00,-6136941.00,-54549040.00,2025-09-30 22:36:07.868156+03:00,2025-09-30 22:36:07.868156+03:00
9540.SR,National Environmental Recycling Company,NOMU,2023,2023-12-31,631908928.00,41445555.00,25795855.00,-21720370.00,-59657287.00,2025-09-30 22:36:07.868156+03:00,2025-09-30 22:36:07.868156+03:00
9540.SR,National Environmental Recycling Company,NOMU,2022,2022-12-31,402450017.00,30885322.00,18117037.00,-12868136.00,-12868136.00,2025-09-30 22:36:07.868156+03:00,2025-09-30 22:36:07.868156+03:00
9540.SR,National Environmental Recycling Company,NOMU,2021,2021-12-31,153602924.00,18732279.00,11264545.00,-41253713.00,-59049433.00,2025-09-30 22:36:07.868156+03:00,2025-09-30 22:36:07.868156+03:00
9541.SR,Academy of Learning Company,NOMU,2024,2024-12-31,127017586.00,58583871.00,19746572.00,23375893.00,-17073975.00,2025-09-30 22:37:12.829285+03:00,2025-09-30 22:37:12.829285+03:00
9541.SR,Academy of Learning Company,NOMU,2023,2023-12-31,92905710.00,57563510.00,28671510.00,24462642.00,-21070548.00,2025-09-30 22:37:12.829285+03:00,2025-09-30 22:37:12.829285+03:00
9541.SR,Academy of Learning Company,NOMU,2022,2022-12-31,62914246.00,39646422.00,21361986.00,18538408.00,12568890.00,2025-09-30 22:37:12.829285+03:00,2025-09-30 22:37:12.829285+03:00
9541.SR,Academy of Learning Company,NOMU,2021,2021-12-31,42280009.00,26980053.00,16198124.00,20771033.00,19287107.00,2025-09-30 22:37:12.829285+03:00,2025-09-30 22:37:12.829285+03:00
9542.SR,Keir International Co.,NOMU,2023,2023-12-31,209173306.00,45025667.00,9339246.00,-18126838.00,-30187530.00,2025-09-30 22:35:37.440812+03:00,2025-09-30 22:35:37.440812+03:00
9542.SR,Keir International Co.,NOMU,2022,2022-12-31,171410631.00,44515308.00,19840242.00,-67827145.00,-79098873.00,2025-09-30 22:35:37.440812+03:00,2025-09-30 22:35:37.440812+03:00
9542.SR,Keir International Co.,NOMU,2021,2021-12-31,169374119.00,34220573.00,16942958.00,-29963235.00,-33869302.00,2025-09-30 22:35:37.440812+03:00,2025-09-30 22:35:37.440812+03:00
9543.SR,Saudi Networkers Services Company,NOMU,2024,2024-12-31,571064038.00,78229213.00,30932708.00,55391814.00,55174844.00,2025-09-30 22:38:30.795064+03:00,2025-09-30 22:38:30.795064+03:00
9543.SR,Saudi Networkers Services Company,NOMU,2023,2023-12-31,554653846.00,73739245.00,36559750.00,45370260.00,42894649.00,2025-09-30 22:38:30.795064+03:00,2025-09-30 22:38:30.795064+03:00
9543.SR,Saudi Networkers Services Company,NOMU,2022,2022-12-31,478629400.00,63387307.00,30097011.00,23952161.00,23776823.00,2025-09-30 22:38:30.795064+03:00,2025-09-30 22:38:30.795064+03:00
9543.SR,Saudi Networkers Services Company,NOMU,2021,2021-12-31,462792369.00,54273230.00,28336965.00,13956260.00,13747186.00,2025-09-30 22:38:30.795064+03:00,2025-09-30 22:38:30.795064+03:00
9544.SR,Future Care Trading Co.,NOMU,2024,2024-12-31,53643606.00,23654051.00,9852833.00,1505665.00,1505665.00,2025-09-30 22:32:06.945403+03:00,2025-09-30 22:32:06.945403+03:00
9544.SR,Future Care Trading Co.,NOMU,2023,2023-12-31,50980173.00,26400374.00,13662792.00,19449682.00,19449682.00,2025-09-30 22:32:06.945403+03:00,2025-09-30 22:32:06.945403+03:00
9544.SR,Future Care Trading Co.,NOMU,2022,2022-12-31,34124784.00,12236863.00,5126797.00,11234686.00,11234686.00,2025-09-30 22:32:06.945403+03:00,2025-09-30 22:32:06.945403+03:00
9544.SR,Future Care Trading Co.,NOMU,2021,2021-12-31,72028180.00,42318644.00,36701570.00,32527307.00,32527307.00,2025-09-30 22:32:06.945403+03:00,2025-09-30 22:32:06.945403+03:00
9545.SR,International Human Resources Company,NOMU,2024,2024-12-31,192258806.00,30849885.00,8397214.00,651604.00,651604.00,2025-09-30 22:35:54.927860+03:00,2025-09-30 22:35:54.927860+03:00
9545.SR,International Human Resources Company,NOMU,2023,2023-12-31,112087213.00,17958907.00,2603379.00,3614273.00,3614273.00,2025-09-30 22:35:54.927860+03:00,2025-09-30 22:35:54.927860+03:00
9545.SR,International Human Resources Company,NOMU,2022,2022-12-31,77233018.00,16233799.00,4302027.00,-3267798.00,-3267798.00,2025-09-30 22:35:54.927860+03:00,2025-09-30 22:35:54.927860+03:00
9545.SR,International Human Resources Company,NOMU,2021,2021-12-31,77985227.00,15667666.00,2458825.00,-802938.00,-802938.00,2025-09-30 22:35:54.927860+03:00,2025-09-30 22:35:54.927860+03:00
9546.SR,Naba Al Saha Medical Services Company,NOMU,2024,2024-12-31,194282113.00,62364637.00,21784170.00,35636461.00,-3173885.00,2025-09-30 22:31:40.430095+03:00,2025-09-30 22:31:40.430095+03:00
9546.SR,Naba Al Saha Medical Services Company,NOMU,2023,2023-12-31,182352491.00,73769391.00,52382249.00,29358210.00,-12145808.00,2025-09-30 22:31:40.430095+03:00,2025-09-30 22:31:40.430095+03:00
9546.SR,Naba Al Saha Medical Services Company,NOMU,2022,2022-12-31,129684489.00,51639303.00,26922558.00,35500566.00,24446603.00,2025-09-30 22:31:40.430095+03:00,2025-09-30 22:31:40.430095+03:00
9546.SR,Naba Al Saha Medical Services Company,NOMU,2021,2021-12-31,117681668.00,46783353.00,25827253.00,30738392.00,20373763.00,2025-09-30 22:31:40.430095+03:00,2025-09-30 22:31:40.430095+03:00
9547.SR,Rawasi Albina Investment Co.,NOMU,2024,2024-12-31,132877458.00,31990712.00,7457936.00,-24680330.00,-24680330.00,2025-09-30 22:35:07.156867+03:00,2025-09-30 22:35:07.156867+03:00
9547.SR,Rawasi Albina Investment Co.,NOMU,2023,2023-12-31,164240496.00,42498589.00,22687142.00,2853980.00,2853980.00,2025-09-30 22:35:07.156867+03:00,2025-09-30 22:35:07.156867+03:00
9547.SR,Rawasi Albina Investment Co.,NOMU,2022,2022-12-31,135221094.00,37545474.00,20898277.00,8437738.00,8437738.00,2025-09-30 22:35:07.156867+03:00,2025-09-30 22:35:07.156867+03:00
9547.SR,Rawasi Albina Investment Co.,NOMU,2021,2021-12-31,95532446.00,30008757.00,17482822.00,77138.00,-9249752.00,2025-09-30 22:35:07.156867+03:00,2025-09-30 22:35:07.156867+03:00
9548.SR,Arabian Plastic Industrial Company Limited,NOMU,2024,2024-12-31,183410288.00,32625761.00,13383586.00,14603100.00,-27550177.00,2025-09-30 22:33:28.692096+03:00,2025-09-30 22:33:28.692096+03:00
9548.SR,Arabian Plastic Industrial Company Limited,NOMU,2023,2023-12-31,156647002.00,28038062.00,13030774.00,5018259.00,-22195388.00,2025-09-30 22:33:28.692096+03:00,2025-09-30 22:33:28.692096+03:00
9548.SR,Arabian Plastic Industrial Company Limited,NOMU,2022,2022-12-31,154570760.00,21337351.00,9301832.00,30310085.00,30310085.00,2025-09-30 22:33:28.692096+03:00,2025-09-30 22:33:28.692096+03:00
9548.SR,Arabian Plastic Industrial Company Limited,NOMU,2021,2021-12-31,116682997.00,17683018.00,7807305.00,4752594.00,4752594.00,2025-09-30 22:33:28.692096+03:00,2025-09-30 22:33:28.692096+03:00
9548.SR,Arabian Plastic Industrial Company Limited,NOMU,2020,2020-12-31,,,,,,2025-09-30 22:33:28.692096+03:00,2025-09-30 22:33:28.692096+03:00
9549.SR,Abdulaziz and Mansour Ibrahim Albabtin Co.,NOMU,2024,2024-12-31,203478751.00,43564569.00,5386189.00,-823114.00,-823114.00,2025-09-30 22:32:24.236159+03:00,2025-09-30 22:32:24.236159+03:00
9549.SR,Abdulaziz and Mansour Ibrahim Albabtin Co.,NOMU,2023,2023-12-31,144327887.00,34770146.00,5819222.00,7239820.00,7239820.00,2025-09-30 22:32:24.236159+03:00,2025-09-30 22:32:24.236159+03:00
9549.SR,Abdulaziz and Mansour Ibrahim Albabtin Co.,NOMU,2022,2022-12-31,126890940.00,36772799.00,14387158.00,-562302.00,-562302.00,2025-09-30 22:32:24.236159+03:00,2025-09-30 22:32:24.236159+03:00
9549.SR,Abdulaziz and Mansour Ibrahim Albabtin Co.,NOMU,2021,2021-12-31,127742803.00,41433117.00,15873566.00,-5020706.00,-5020706.00,2025-09-30 22:32:24.236159+03:00,2025-09-30 22:32:24.236159+03:00
9550.SR,Sure Global Tech Co.,NOMU,2024,2024-12-31,246619049.00,62354101.00,33400385.00,31271868.00,25507524.00,2025-09-30 22:38:13.389333+03:00,2025-09-30 22:38:13.389333+03:00
9550.SR,Sure Global Tech Co.,NOMU,2023,2023-12-31,194294143.00,56460772.00,28673693.00,27252839.00,24105010.00,2025-09-30 22:38:13.389333+03:00,2025-09-30 22:38:13.389333+03:00
9550.SR,Sure Global Tech Co.,NOMU,2022,2022-12-31,207673435.00,51413154.00,24076686.00,35300124.00,34549535.00,2025-09-30 22:38:13.389333+03:00,2025-09-30 22:38:13.389333+03:00
9550.SR,Sure Global Tech Co.,NOMU,2021,2021-12-31,185433299.00,41157922.00,18127614.00,21351174.00,19593145.00,2025-09-30 22:38:13.389333+03:00,2025-09-30 22:38:13.389333+03:00
9551.SR,Knowledge Tower,NOMU,2025,2025-03-31,33775290.00,11839908.00,3449233.00,3259961.00,1087496.00,2025-09-30 22:37:34.601181+03:00,2025-09-30 22:37:34.601181+03:00
9551.SR,Knowledge Tower,NOMU,2024,2024-03-31,31422558.00,12059282.00,3391382.00,3859185.00,-4604389.00,2025-09-30 22:37:34.601181+03:00,2025-09-30 22:37:34.601181+03:00
9551.SR,Knowledge Tower,NOMU,2023,2023-03-31,29323578.00,11435527.00,5362225.00,3718604.00,3170354.00,2025-09-30 22:37:34.601181+03:00,2025-09-30 22:37:34.601181+03:00
9551.SR,Knowledge Tower,NOMU,2022,2022-03-31,20401868.00,7621320.00,3580007.00,1076114.00,1018407.00,2025-09-30 22:37:34.601181+03:00,2025-09-30 22:37:34.601181+03:00
9551.SR,Knowledge Tower,NOMU,2021,2021-03-31,,,,,,2025-09-30 22:37:34.601181+03:00,2025-09-30 22:37:34.601181+03:00
9552.SR,Saudi Top for Trading Company,NOMU,2024,2024-12-31,160503242.00,22153400.00,5173286.00,9014670.00,3177913.00,2025-09-30 22:34:11.832448+03:00,2025-09-30 22:34:11.832448+03:00
9552.SR,Saudi Top for Trading Company,NOMU,2023,2023-12-31,142162794.00,21482459.00,4275065.00,12615263.00,-3603572.00,2025-09-30 22:34:11.832448+03:00,2025-09-30 22:34:11.832448+03:00
9552.SR,Saudi Top for Trading Company,NOMU,2022,2022-12-31,186543109.00,54075731.00,32255824.00,29988200.00,27937323.00,2025-09-30 22:34:11.832448+03:00,2025-09-30 22:34:11.832448+03:00
9552.SR,Saudi Top for Trading Company,NOMU,2021,2021-12-31,1917711965.00,1761689600.00,17095679.00,12094252.00,12094252.00,2025-09-30 22:34:11.832448+03:00,2025-09-30 22:34:11.832448+03:00
9553.SR,Molan Steel Company,NOMU,2024,2024-12-31,86371676.00,4437157.00,-7072316.00,5468485.00,5425985.00,2025-09-30 22:33:46.100255+03:00,2025-09-30 22:33:46.100255+03:00
9553.SR,Molan Steel Company,NOMU,2023,2023-12-31,89696660.00,4140116.00,-4786703.00,-9985122.00,-10812190.00,2025-09-30 22:33:46.100255+03:00,2025-09-30 22:33:46.100255+03:00
9553.SR,Molan Steel Company,NOMU,2022,2022-12-31,84620334.00,5318763.00,-761287.00,-6732403.00,-6732403.00,2025-09-30 22:33:46.100255+03:00,2025-09-30 22:33:46.100255+03:00
9553.SR,Molan Steel Company,NOMU,2021,2021-12-31,48152978.00,7827163.00,4170796.00,-2627588.00,-2627588.00,2025-09-30 22:33:46.100255+03:00,2025-09-30 22:33:46.100255+03:00
9555.SR,Leen Alkhair Trading Company,NOMU,2024,2024-12-31,246083141.00,16377990.00,-3105912.00,7064737.00,7064737.00,2025-09-30 22:30:30.397189+03:00,2025-09-30 22:30:30.397189+03:00
9555.SR,Leen Alkhair Trading Company,NOMU,2023,2023-12-31,251336133.00,32178176.00,11990644.00,-14453885.00,-69865637.00,2025-09-30 22:30:30.397189+03:00,2025-09-30 22:30:30.397189+03:00
9555.SR,Leen Alkhair Trading Company,NOMU,2022,2022-12-31,228567256.00,40829870.00,23175636.00,25876167.00,7419349.00,2025-09-30 22:30:30.397189+03:00,2025-09-30 22:30:30.397189+03:00
9556.SR,Nofoth Food Products Company,NOMU,2024,2024-12-31,365059686.00,226308479.00,51636185.00,93728021.00,47697494.00,2025-09-30 22:30:34.755823+03:00,2025-09-30 22:30:34.755823+03:00
9556.SR,Nofoth Food Products Company,NOMU,2023,2023-12-31,308189985.00,182971239.00,42670755.00,69062490.00,55624560.00,2025-09-30 22:30:34.755823+03:00,2025-09-30 22:30:34.755823+03:00
9556.SR,Nofoth Food Products Company,NOMU,2022,2022-12-31,270199270.00,147758030.00,31486711.00,56348938.00,56348938.00,2025-09-30 22:30:34.755823+03:00,2025-09-30 22:30:34.755823+03:00
9557.SR,Edarat Communication and Information Technology Co.,NOMU,2024,2024-12-31,104566253.00,45309545.00,24663264.00,8159435.00,2925606.00,2025-09-30 22:38:22.049870+03:00,2025-09-30 22:38:22.049870+03:00
9557.SR,Edarat Communication and Information Technology Co.,NOMU,2023,2023-12-31,80237279.00,34592560.00,17370295.00,4920690.00,3562636.00,2025-09-30 22:38:22.049870+03:00,2025-09-30 22:38:22.049870+03:00
9557.SR,Edarat Communication and Information Technology Co.,NOMU,2022,2022-12-31,58892501.00,23800327.00,12601525.00,14730678.00,10028370.00,2025-09-30 22:38:22.049870+03:00,2025-09-30 22:38:22.049870+03:00
9557.SR,Edarat Communication and Information Technology Co.,NOMU,2021,2021-12-31,37333376.00,12792563.00,6479247.00,-989575.00,-1355481.00,2025-09-30 22:38:22.049870+03:00,2025-09-30 22:38:22.049870+03:00
9558.SR,Alqemam for Computer Systems Co.,NOMU,2024,2024-12-31,49689623.00,30464602.00,9248837.00,8620193.00,4458983.00,2025-09-30 22:38:35.261512+03:00,2025-09-30 22:38:35.261512+03:00
9558.SR,Alqemam for Computer Systems Co.,NOMU,2023,2023-12-31,51884775.00,33697752.00,18881622.00,-4002126.00,-6013827.00,2025-09-30 22:38:35.261512+03:00,2025-09-30 22:38:35.261512+03:00
9558.SR,Alqemam for Computer Systems Co.,NOMU,2022,2022-12-31,28173245.00,17202121.00,13921681.00,2645437.00,441263.00,2025-09-30 22:38:35.261512+03:00,2025-09-30 22:38:35.261512+03:00
9558.SR,Alqemam for Computer Systems Co.,NOMU,2021,2021-12-31,22162176.00,14268685.00,11963111.00,6060762.00,1829378.00,2025-09-30 22:38:35.261512+03:00,2025-09-30 22:38:35.261512+03:00
9559.SR,Balady Poultry Company,NOMU,2024,2024-12-31,887117339.00,144445896.00,118113552.00,131019392.00,-6178589.00,2025-09-30 22:30:39.040149+03:00,2025-09-30 22:30:39.040149+03:00
9559.SR,Balady Poultry Company,NOMU,2023,2023-12-31,760971040.00,118593469.00,100913068.00,110255147.00,76766823.00,2025-09-30 22:30:39.040149+03:00,2025-09-30 22:30:39.040149+03:00
9559.SR,Balady Poultry Company,NOMU,2022,2022-12-31,641282707.00,96446734.00,85101587.00,82997352.00,65485509.00,2025-09-30 22:30:39.040149+03:00,2025-09-30 22:30:39.040149+03:00
9560.SR,Waja Company,NOMU,2024,2024-12-31,198813515.00,25378844.00,5696460.00,-4165163.00,-4639795.00,2025-09-30 22:35:24.342953+03:00,2025-09-30 22:35:24.342953+03:00
9560.SR,Waja Company,NOMU,2023,2023-12-31,134647620.00,34435320.00,22862043.00,-9511504.00,-10457622.00,2025-09-30 22:35:24.342953+03:00,2025-09-30 22:35:24.342953+03:00
9560.SR,Waja Company,NOMU,2022,2022-12-31,99176171.00,26023054.00,18260763.00,-8157370.00,-8334539.00,2025-09-30 22:35:24.342953+03:00,2025-09-30 22:35:24.342953+03:00
9561.SR,Knowledge Net Computer Company,NOMU,2024,2024-12-31,58693341.00,25138430.00,25939063.00,-8406690.00,-13519477.00,2025-09-30 22:38:26.459860+03:00,2025-09-30 22:38:26.459860+03:00
9561.SR,Knowledge Net Computer Company,NOMU,2023,2023-12-31,49890058.00,17814882.00,-5261783.00,-2089690.00,-11169564.00,2025-09-30 22:38:26.459860+03:00,2025-09-30 22:38:26.459860+03:00
9561.SR,Knowledge Net Computer Company,NOMU,2022,2022-12-31,58408872.00,19641523.00,3099189.00,974249.00,-6757583.00,2025-09-30 22:38:26.459860+03:00,2025-09-30 22:38:26.459860+03:00
9562.SR,Foods Gate Trading Co.,NOMU,2024,2024-12-31,63887360.00,20906292.00,8701066.00,17848293.00,15756155.00,2025-09-30 22:37:25.995276+03:00,2025-09-30 22:37:25.995276+03:00
9562.SR,Foods Gate Trading Co.,NOMU,2023,2023-12-31,59372539.00,20527256.00,8400506.00,18153209.00,9066225.00,2025-09-30 22:37:25.995276+03:00,2025-09-30 22:37:25.995276+03:00
9562.SR,Foods Gate Trading Co.,NOMU,2022,2022-12-31,61592378.00,18116176.00,8345279.00,18298480.00,17090503.00,2025-09-30 22:37:25.995276+03:00,2025-09-30 22:37:25.995276+03:00
9563.SR,BENA Steel Industries,NOMU,2024,2024-12-31,430764470.00,39742209.00,10684446.00,-3417623.00,-8979702.00,2025-09-30 22:33:37.458581+03:00,2025-09-30 22:33:37.458581+03:00
9563.SR,BENA Steel Industries,NOMU,2023,2023-12-31,409078582.00,30226579.00,4814511.00,-430057.00,-5200680.00,2025-09-30 22:33:37.458581+03:00,2025-09-30 22:33:37.458581+03:00
9564.SR,Horizon Food Company Limited,NOMU,2023,2023-12-31,55115895.00,16474725.00,9249055.00,15562802.00,4804692.00,2025-09-30 22:30:43.407525+03:00,2025-09-30 22:30:43.407525+03:00
9564.SR,Horizon Food Company Limited,NOMU,2022,2022-12-31,66653385.00,19297585.00,8887227.00,9848549.00,-15724400.00,2025-09-30 22:30:43.407525+03:00,2025-09-30 22:30:43.407525+03:00
9565.SR,Meyar Company,NOMU,2024,2024-12-31,51093508.00,4491087.00,-3946380.00,16794601.00,-487719.00,2025-09-30 22:33:41.857185+03:00,2025-09-30 22:33:41.857185+03:00
9565.SR,Meyar Company,NOMU,2023,2023-12-31,34134978.00,3999467.00,951483.00,-3083165.00,-11047028.00,2025-09-30 22:33:41.857185+03:00,2025-09-30 22:33:41.857185+03:00
9565.SR,Meyar Company,NOMU,2022,2022-12-31,38065463.00,8312736.00,4456613.00,8427641.00,1546577.00,2025-09-30 22:33:41.857185+03:00,2025-09-30 22:33:41.857185+03:00
9566.SR,Saudi Lime Industries Company,NOMU,2024,2024-12-31,208484860.00,58511300.00,21394676.00,19554923.00,9884844.00,2025-09-30 22:33:50.399731+03:00,2025-09-30 22:33:50.399731+03:00
9566.SR,Saudi Lime Industries Company,NOMU,2023,2023-12-31,149976450.00,37218666.00,9763778.00,13928649.00,-4440366.00,2025-09-30 22:33:50.399731+03:00,2025-09-30 22:33:50.399731+03:00
9566.SR,Saudi Lime Industries Company,NOMU,2022,2022-12-31,142381406.00,63140019.00,15826067.00,31686183.00,10883919.00,2025-09-30 22:33:50.399731+03:00,2025-09-30 22:33:50.399731+03:00
9567.SR,Ghida Al-Sultan Company,NOMU,2024,2024-12-31,181706353.00,65085714.00,6093706.00,16351799.00,8423836.00,2025-09-30 22:37:30.295915+03:00,2025-09-30 22:37:30.295915+03:00
9567.SR,Ghida Al-Sultan Company,NOMU,2023,2023-12-31,166329865.00,63498992.00,7999359.00,20459898.00,13265716.00,2025-09-30 22:37:30.295915+03:00,2025-09-30 22:37:30.295915+03:00
9567.SR,Ghida Al-Sultan Company,NOMU,2022,2022-12-31,146112691.00,59916882.00,19468475.00,27216657.00,15809575.00,2025-09-30 22:37:30.295915+03:00,2025-09-30 22:37:30.295915+03:00
9568.SR,Mayar Holding Company,NOMU,2024,2024-12-31,446743587.00,75250605.00,16567270.00,40020882.00,16155306.00,2025-09-30 22:35:20.040011+03:00,2025-09-30 22:35:20.040011+03:00
9568.SR,Mayar Holding Company,NOMU,2023,2023-12-31,354959173.00,40804277.00,-38217486.00,-4771738.00,-12631789.00,2025-09-30 22:35:20.040011+03:00,2025-09-30 22:35:20.040011+03:00
9568.SR,Mayar Holding Company,NOMU,2022,2022-12-31,413786811.00,55714414.00,1381023.00,-54470580.00,-65766515.00,2025-09-30 22:35:20.040011+03:00,2025-09-30 22:35:20.040011+03:00
9569.SR,"AlMuneef Company for Trade, Industry, Agriculture and Contracting",NOMU,2024,2024-12-31,233426769.00,32468451.00,20477192.00,18917303.00,10580300.00,2025-09-30 22:35:15.755624+03:00,2025-09-30 22:35:15.755624+03:00
9569.SR,"AlMuneef Company for Trade, Industry, Agriculture and Contracting",NOMU,2023,2023-12-31,246296231.00,27936964.00,17580789.00,17804923.00,13865781.00,2025-09-30 22:35:15.755624+03:00,2025-09-30 22:35:15.755624+03:00
9569.SR,"AlMuneef Company for Trade, Industry, Agriculture and Contracting",NOMU,2022,2022-12-31,318434076.00,32634634.00,20625311.00,7143249.00,1668776.00,2025-09-30 22:35:15.755624+03:00,2025-09-30 22:35:15.755624+03:00
9570.SR,Tam Development Company,NOMU,2024,2024-12-31,273353008.00,93737453.00,30137082.00,-1994795.00,-9554733.00,2025-09-30 22:35:59.374078+03:00,2025-09-30 22:35:59.374078+03:00
9570.SR,Tam Development Company,NOMU,2023,2023-12-31,188403128.00,89762028.00,40601961.00,5933341.00,-3050623.00,2025-09-30 22:35:59.374078+03:00,2025-09-30 22:35:59.374078+03:00
9570.SR,Tam Development Company,NOMU,2022,2022-12-31,147073483.00,54824409.00,27927936.00,35751528.00,32140681.00,2025-09-30 22:35:59.374078+03:00,2025-09-30 22:35:59.374078+03:00
9571.SR,Munawla Cargo Co. Ltd.,NOMU,2024,2024-12-31,138257022.00,18678542.00,6341367.00,3903182.00,3903182.00,2025-09-30 22:32:41.369472+03:00,2025-09-30 22:32:41.369472+03:00
9571.SR,Munawla Cargo Co. Ltd.,NOMU,2023,2023-12-31,117420514.00,21224612.00,4951487.00,8459093.00,8459093.00,2025-09-30 22:32:41.369472+03:00,2025-09-30 22:32:41.369472+03:00
9571.SR,Munawla Cargo Co. Ltd.,NOMU,2022,2022-12-31,138907442.00,24768322.00,9658023.00,10032994.00,10032994.00,2025-09-30 22:32:41.369472+03:00,2025-09-30 22:32:41.369472+03:00
9572.SR,Al-Razi Medical Company,NOMU,2024,2024-12-31,61351419.00,16588809.00,175867.00,4957237.00,1089903.00,2025-09-30 22:31:53.867074+03:00,2025-09-30 22:31:53.867074+03:00
9572.SR,Al-Razi Medical Company,NOMU,2023,2023-12-31,61333831.00,17584110.00,685968.00,5777206.00,709774.00,2025-09-30 22:31:53.867074+03:00,2025-09-30 22:31:53.867074+03:00
9572.SR,Al-Razi Medical Company,NOMU,2022,2022-12-31,52390481.00,16099890.00,2014334.00,2053494.00,2053494.00,2025-09-30 22:31:53.867074+03:00,2025-09-30 22:31:53.867074+03:00
9574.SR,Professional Medical Expertise Company,NOMU,2024,2024-12-31,313170324.00,138798243.00,27651021.00,-1880066.00,-8455454.00,2025-09-30 22:32:02.559634+03:00,2025-09-30 22:32:02.559634+03:00
9574.SR,Professional Medical Expertise Company,NOMU,2023,2023-12-31,250115593.00,111963923.00,24844855.00,5880626.00,-3099114.00,2025-09-30 22:32:02.559634+03:00,2025-09-30 22:32:02.559634+03:00
9574.SR,Professional Medical Expertise Company,NOMU,2022,2022-12-31,176051291.00,83646604.00,19015823.00,-3922109.00,-10434426.00,2025-09-30 22:32:02.559634+03:00,2025-09-30 22:32:02.559634+03:00
9575.SR,Marble Design Factory Company,NOMU,2024,2024-12-31,44534983.00,19687605.00,6470779.00,15775173.00,13098549.00,2025-09-30 22:34:07.535773+03:00,2025-09-30 22:34:07.535773+03:00
9575.SR,Marble Design Factory Company,NOMU,2023,2023-12-31,51182558.00,32444501.00,21912718.00,24555942.00,17532092.00,2025-09-30 22:34:07.535773+03:00,2025-09-30 22:34:07.535773+03:00
9575.SR,Marble Design Factory Company,NOMU,2022,2022-12-31,55169465.00,36722394.00,22622021.00,14440662.00,12453782.00,2025-09-30 22:34:07.535773+03:00,2025-09-30 22:34:07.535773+03:00
9576.SR,Paper Home Company,NOMU,2024,2024-12-31,88694484.00,22492986.00,17885771.00,12423100.00,-36266092.00,2025-09-30 22:33:58.863551+03:00,2025-09-30 22:33:58.863551+03:00
9576.SR,Paper Home Company,NOMU,2023,2023-12-31,95681377.00,26528432.00,17729911.00,20532207.00,3253220.00,2025-09-30 22:33:58.863551+03:00,2025-09-30 22:33:58.863551+03:00
9576.SR,Paper Home Company,NOMU,2022,2022-12-31,96300638.00,18106200.00,14489374.00,17837970.00,2360877.00,2025-09-30 22:33:58.863551+03:00,2025-09-30 22:33:58.863551+03:00
9577.SR,DAR ALMARKABAH For Renting Cars Company,NOMU,2024,2024-12-31,66469718.00,14397528.00,299230.00,7210917.00,4336661.00,2025-09-30 22:32:32.740773+03:00,2025-09-30 22:32:32.740773+03:00
9577.SR,DAR ALMARKABAH For Renting Cars Company,NOMU,2023,2023-12-31,70983796.00,16414397.00,1134524.00,3345658.00,-7814260.00,2025-09-30 22:32:32.740773+03:00,2025-09-30 22:32:32.740773+03:00
9577.SR,DAR ALMARKABAH For Renting Cars Company,NOMU,2022,2022-12-31,60039305.00,13777844.00,4463760.00,9750427.00,9750427.00,2025-09-30 22:32:32.740773+03:00,2025-09-30 22:32:32.740773+03:00
9578.SR,Atlas Elevators General Trading & Contracting Company,NOMU,2024,2024-12-31,85676436.00,23359958.00,10458353.00,2586545.00,2586545.00,2025-09-30 22:35:33.221594+03:00,2025-09-30 22:35:33.221594+03:00
9578.SR,Atlas Elevators General Trading & Contracting Company,NOMU,2023,2023-12-31,71291306.00,26775061.00,10022641.00,8140216.00,8140216.00,2025-09-30 22:35:33.221594+03:00,2025-09-30 22:35:33.221594+03:00
9578.SR,Atlas Elevators General Trading & Contracting Company,NOMU,2022,2022-12-31,77344392.00,25084231.00,9529498.00,809739.00,86178.00,2025-09-30 22:35:33.221594+03:00,2025-09-30 22:35:33.221594+03:00
9579.SR,Intelligent Oud Co.,NOMU,2024,2024-12-31,26688170.00,20432282.00,4742088.00,47921.00,-4829818.00,2025-09-30 22:33:07.114515+03:00,2025-09-30 22:33:07.114515+03:00
9579.SR,Intelligent Oud Co.,NOMU,2023,2023-12-31,25201438.00,17872470.00,5276152.00,-3887224.00,-8320469.00,2025-09-30 22:33:07.114515+03:00,2025-09-30 22:33:07.114515+03:00
9579.SR,Intelligent Oud Co.,NOMU,2022,2022-12-31,23088754.00,14452672.00,3722841.00,-747161.00,-6039016.00,2025-09-30 22:33:07.114515+03:00,2025-09-30 22:33:07.114515+03:00
9580.SR,"Al Rashid Industrial Co.,",NOMU,2024,2024-12-31,152736982.00,60634512.00,34892496.00,46682129.00,18961002.00,2025-09-30 22:34:03.191897+03:00,2025-09-30 22:34:03.191897+03:00
9580.SR,"Al Rashid Industrial Co.,",NOMU,2023,2023-12-31,135031000.00,44991489.00,22291641.00,33994467.00,20210780.00,2025-09-30 22:34:03.191897+03:00,2025-09-30 22:34:03.191897+03:00
9580.SR,"Al Rashid Industrial Co.,",NOMU,2022,2022-12-31,116499347.00,35583405.00,16548465.00,28925134.00,19781047.00,2025-09-30 22:34:03.191897+03:00,2025-09-30 22:34:03.191897+03:00
9581.SR,Clean Life Co.,NOMU,2024,2024-12-31,61073774.00,38583065.00,11470947.00,14940341.00,-5769711.00,2025-09-30 22:37:17.279833+03:00,2025-09-30 22:37:17.279833+03:00
9581.SR,Clean Life Co.,NOMU,2023,2023-12-31,49309915.00,30343359.00,9203789.00,13887219.00,10253164.00,2025-09-30 22:37:17.279833+03:00,2025-09-30 22:37:17.279833+03:00
9581.SR,Clean Life Co.,NOMU,2022,2022-12-31,33206658.00,24087290.00,8271057.00,8817871.00,73237.00,2025-09-30 22:37:17.279833+03:00,2025-09-30 22:37:17.279833+03:00
9583.SR,United Mining Industries Company,NOMU,2024,2024-12-31,226576331.00,69101321.00,26437068.00,51099414.00,21708749.00,2025-09-30 22:35:28.589966+03:00,2025-09-30 22:35:28.589966+03:00
9583.SR,United Mining Industries Company,NOMU,2023,2023-12-31,240326982.00,71359821.00,35830092.00,94226750.00,74097522.00,2025-09-30 22:35:28.589966+03:00,2025-09-30 22:35:28.589966+03:00
9583.SR,United Mining Industries Company,NOMU,2022,2022-12-31,241812776.00,55574166.00,32044246.00,40613683.00,34211700.00,2025-09-30 22:35:28.589966+03:00,2025-09-30 22:35:28.589966+03:00
9584.SR,Riyal Investment and Developmen,NOMU,2024,2024-12-31,139705283.00,48957425.00,16412280.00,75185310.00,74414067.00,2025-09-30 22:32:37.038148+03:00,2025-09-30 22:32:37.038148+03:00
9584.SR,Riyal Investment and Developmen,NOMU,2023,2023-12-31,121661824.00,45776754.00,18276534.00,68793826.00,68433992.00,2025-09-30 22:32:37.038148+03:00,2025-09-30 22:32:37.038148+03:00
9584.SR,Riyal Investment and Developmen,NOMU,2022,2022-12-31,189578534.00,40357212.00,19143621.00,33958315.00,33576570.00,2025-09-30 22:32:37.038148+03:00,2025-09-30 22:32:37.038148+03:00
9585.SR,Mulkia Investment Co.,NOMU,2024,2024-12-31,45960378.00,32725454.00,24270379.00,14856312.00,14746754.00,2025-09-30 22:32:50.019288+03:00,2025-09-30 22:32:50.019288+03:00
9585.SR,Mulkia Investment Co.,NOMU,2023,2023-12-31,48373845.00,34711031.00,20816173.00,-11853799.00,-12065016.00,2025-09-30 22:32:50.019288+03:00,2025-09-30 22:32:50.019288+03:00
9585.SR,Mulkia Investment Co.,NOMU,2022,2022-12-31,35122350.00,26155815.00,16321276.00,37442170.00,35746023.00,2025-09-30 22:32:50.019288+03:00,2025-09-30 22:32:50.019288+03:00
9586.SR,Osool and Bakheet Investment Co,NOMU,2024,2024-12-31,24463951.00,12646668.00,19853525.00,-7408199.00,-8004969.00,2025-09-30 22:32:45.685441+03:00,2025-09-30 22:32:45.685441+03:00
9586.SR,Osool and Bakheet Investment Co,NOMU,2023,2023-12-31,16063389.00,4987647.00,25497112.00,1200960.00,741443.00,2025-09-30 22:32:45.685441+03:00,2025-09-30 22:32:45.685441+03:00
9586.SR,Osool and Bakheet Investment Co,NOMU,2022,2022-12-31,20492375.00,9964755.00,10244700.00,-20457781.00,-20847846.00,2025-09-30 22:32:45.685441+03:00,2025-09-30 22:32:45.685441+03:00
9587.SR,Lana Medical Co.,NOMU,2024,2024-12-31,84086061.00,24895934.00,12460219.00,393205.00,-3726805.00,2025-09-30 22:32:11.156559+03:00,2025-09-30 22:32:11.156559+03:00
9587.SR,Lana Medical Co.,NOMU,2023,2023-12-31,48634208.00,19210747.00,-1926162.00,1023862.00,-2636628.00,2025-09-30 22:32:11.156559+03:00,2025-09-30 22:32:11.156559+03:00
9587.SR,Lana Medical Co.,NOMU,2022,2022-12-31,40800087.00,18871801.00,5493050.00,5595366.00,5595366.00,2025-09-30 22:32:11.156559+03:00,2025-09-30 22:32:11.156559+03:00
9587.SR,Lana Medical Co.,NOMU,2021,2021-12-31,31965072.00,16866006.00,6594380.00,-4948646.00,-4948646.00,2025-09-30 22:32:11.156559+03:00,2025-09-30 22:32:11.156559+03:00
9587.SR,Lana Medical Co.,NOMU,2020,2020-12-31,,,,,,2025-09-30 22:32:11.156559+03:00,2025-09-30 22:32:11.156559+03:00
9588.SR,Riyadh Steel Co.,NOMU,2024,2024-12-31,155896253.00,9672661.00,1998666.00,25268612.00,23348044.00,2025-09-30 22:33:54.648529+03:00,2025-09-30 22:33:54.648529+03:00
9588.SR,Riyadh Steel Co.,NOMU,2023,2023-12-31,132408306.00,20265408.00,11143898.00,-1287709.00,-3991210.00,2025-09-30 22:33:54.648529+03:00,2025-09-30 22:33:54.648529+03:00
9588.SR,Riyadh Steel Co.,NOMU,2022,2022-12-31,145467485.00,5676865.00,5093158.00,9396229.00,8734629.00,2025-09-30 22:33:54.648529+03:00,2025-09-30 22:33:54.648529+03:00
9588.SR,Riyadh Steel Co.,NOMU,2021,2021-12-31,144742973.00,15936279.00,4481614.00,13418489.00,13418489.00,2025-09-30 22:33:54.648529+03:00,2025-09-30 22:33:54.648529+03:00
9589.SR,Fad International Company,NOMU,2024,2024-12-31,156782992.00,100762069.00,4341164.00,40590180.00,34158916.00,2025-09-30 22:37:47.599755+03:00,2025-09-30 22:37:47.599755+03:00
9589.SR,Fad International Company,NOMU,2023,2023-12-31,163961866.00,102384929.00,261533.00,20597736.00,16317932.00,2025-09-30 22:37:47.599755+03:00,2025-09-30 22:37:47.599755+03:00
9589.SR,Fad International Company,NOMU,2022,2022-12-31,170226648.00,109413023.00,14621949.00,31417049.00,26995729.00,2025-09-30 22:37:47.599755+03:00,2025-09-30 22:37:47.599755+03:00
9590.SR,Armah Sports Co.,NOMU,2024,2024-12-31,177459568.00,83960254.00,37841863.00,95778868.00,54426852.00,2025-09-30 22:37:21.598408+03:00,2025-09-30 22:37:21.598408+03:00
9590.SR,Armah Sports Co.,NOMU,2023,2023-12-31,80111162.00,28476793.00,762227.00,74322297.00,-53242347.00,2025-09-30 22:37:21.598408+03:00,2025-09-30 22:37:21.598408+03:00
9590.SR,Armah Sports Co.,NOMU,2022,2022-12-31,13192771.00,-1865813.00,-25242538.00,8263667.00,-110217007.00,2025-09-30 22:37:21.598408+03:00,2025-09-30 22:37:21.598408+03:00
9591.SR,View United Real Estate Development Co.,NOMU,2024,2024-12-31,92491677.00,29381290.00,21204965.00,-62099140.00,-62119994.00,2025-09-30 22:30:17.481179+03:00,2025-09-30 22:30:17.481179+03:00
9591.SR,View United Real Estate Development Co.,NOMU,2023,2023-12-31,83724668.00,25875362.00,18215860.00,11074412.00,11012908.00,2025-09-30 22:30:17.481179+03:00,2025-09-30 22:30:17.481179+03:00
9591.SR,View United Real Estate Development Co.,NOMU,2022,2022-12-31,87615510.00,19505358.00,17013336.00,-796521.00,-984380.00,2025-09-30 22:30:17.481179+03:00,2025-09-30 22:30:17.481179+03:00
9592.SR,Almujtama Alraida Medical Co.,NOMU,2024,2024-12-31,430750292.00,142123068.00,7927219.00,51366318.00,51366318.00,2025-09-30 22:32:28.424241+03:00,2025-09-30 22:32:28.424241+03:00
9592.SR,Almujtama Alraida Medical Co.,NOMU,2023,2023-12-31,407739599.00,129205355.00,11392955.00,68145595.00,68145595.00,2025-09-30 22:32:28.424241+03:00,2025-09-30 22:32:28.424241+03:00
9592.SR,Almujtama Alraida Medical Co.,NOMU,2022,2022-12-31,367075487.00,118713061.00,19077508.00,18539600.00,18539600.00,2025-09-30 22:32:28.424241+03:00,2025-09-30 22:32:28.424241+03:00
9592.SR,Almujtama Alraida Medical Co.,NOMU,2021,2021-12-31,304497594.00,85382917.00,7810295.00,17275609.00,9946936.00,2025-09-30 22:32:28.424241+03:00,2025-09-30 22:32:28.424241+03:00
9593.SR,Pan Gulf Marketing Co.,NOMU,2024,2024-12-31,393373215.00,110530295.00,10592671.00,59843753.00,58572707.00,2025-09-30 22:36:03.579221+03:00,2025-09-30 22:36:03.579221+03:00
9593.SR,Pan Gulf Marketing Co.,NOMU,2023,2023-12-31,422347643.00,120663417.00,22837565.00,22143657.00,18334720.00,2025-09-30 22:36:03.579221+03:00,2025-09-30 22:36:03.579221+03:00
9594.SR,Al-Modawat Specialized Medical ,NOMU,2024,2024-12-31,75487734.00,31009349.00,6073209.00,10066858.00,10066858.00,2025-09-30 22:31:22.391504+03:00,2025-09-30 22:31:22.391504+03:00
9594.SR,Al-Modawat Specialized Medical ,NOMU,2023,2023-12-31,74308118.00,40627689.00,18592670.00,13596314.00,13596314.00,2025-09-30 22:31:22.391504+03:00,2025-09-30 22:31:22.391504+03:00
9594.SR,Al-Modawat Specialized Medical ,NOMU,2022,2022-12-31,58565790.00,28515020.00,10313266.00,5090820.00,5090820.00,2025-09-30 22:31:22.391504+03:00,2025-09-30 22:31:22.391504+03:00
9595.SR,WSM for Information Technology ,NOMU,2024,2024-12-31,29015105.00,10060376.00,4920864.00,3116557.00,-4223924.00,2025-09-30 22:38:04.725316+03:00,2025-09-30 22:38:04.725316+03:00
9595.SR,WSM for Information Technology ,NOMU,2023,2023-12-31,28022043.00,13518761.00,5658131.00,5702207.00,2568677.00,2025-09-30 22:38:04.725316+03:00,2025-09-30 22:38:04.725316+03:00
9596.SR,Quara Finance Company,NOMU,2024,2024-12-31,206169499.00,154965546.00,43246386.00,-35273622.00,-42002070.00,2025-09-30 22:32:58.539845+03:00,2025-09-30 22:32:58.539845+03:00
9596.SR,Quara Finance Company,NOMU,2023,2023-12-31,187610869.00,138800468.00,53786706.00,101465917.00,95027375.00,2025-09-30 22:32:58.539845+03:00,2025-09-30 22:32:58.539845+03:00
9597.SR,Leaf Global Environmental Servi,NOMU,2024,2024-12-31,46585200.00,20087792.00,15481977.00,16576353.00,13682610.00,2025-09-30 22:36:38.437870+03:00,2025-09-30 22:36:38.437870+03:00
9597.SR,Leaf Global Environmental Servi,NOMU,2023,2023-12-31,44432851.00,24866163.00,15701917.00,5822643.00,3697038.00,2025-09-30 22:36:38.437870+03:00,2025-09-30 22:36:38.437870+03:00
9598.SR,Al Mohafaza Company for Educati,NOMU,2024,2024-07-31,29116255.00,12820823.00,9404480.00,10796088.00,-10048328.00,2025-09-30 22:36:42.728814+03:00,2025-09-30 22:36:42.728814+03:00
9598.SR,Al Mohafaza Company for Educati,NOMU,2023,2023-07-31,26139482.00,10064641.00,6393511.00,7646071.00,6597186.00,2025-09-30 22:36:42.728814+03:00,2025-09-30 22:36:42.728814+03:00
9599.SR,Taqat Mineral Trading Co.,NOMU,2024,2024-12-31,236412873.00,1121641.00,-7618529.00,-32441575.00,-36325519.00,2025-09-30 22:34:37.276310+03:00,2025-09-30 22:34:37.276310+03:00
9599.SR,Taqat Mineral Trading Co.,NOMU,2023,2023-12-31,156409592.00,-388685.00,-15122572.00,3256026.00,-4156858.00,2025-09-30 22:34:37.276310+03:00,2025-09-30 22:34:37.276310+03:00
9600.SR,Qomel Company Limited,NOMU,2024,2024-12-31,124203777.00,42855982.00,21956392.00,-4604680.00,-24698570.00,2025-09-30 22:31:18.129368+03:00,2025-09-30 22:31:18.129368+03:00
9600.SR,Qomel Company Limited,NOMU,2023,2023-12-31,105473965.00,31510948.00,17593834.00,-4397380.00,-16452862.00,2025-09-30 22:31:18.129368+03:00,2025-09-30 22:31:18.129368+03:00
9601.SR,Mohammed Hadi Al-Rasheed Company,NOMU,2024,2024-12-31,307023066.00,108850448.00,80746624.00,96768063.00,96768063.00,2025-09-30 22:34:33.047318+03:00,2025-09-30 22:34:33.047318+03:00
9601.SR,Mohammed Hadi Al-Rasheed Company,NOMU,2023,2023-12-31,215224597.00,70814614.00,44714137.00,55409262.00,55409262.00,2025-09-30 22:34:33.047318+03:00,2025-09-30 22:34:33.047318+03:00
9601.SR,Mohammed Hadi Al-Rasheed Company,NOMU,2022,2022-12-31,167594831.00,46821981.00,24653377.00,41165106.00,31357291.00,2025-09-30 22:34:33.047318+03:00,2025-09-30 22:34:33.047318+03:00
9602.SR,Yaqeen Capital Co.,NOMU,2024,2024-12-31,85489000.00,38425000.00,21472000.00,-48074000.00,-48825000.00,2025-09-30 22:32:54.332860+03:00,2025-09-30 22:32:54.332860+03:00
9602.SR,Yaqeen Capital Co.,NOMU,2023,2023-12-31,72874000.00,30329000.00,38225000.00,-12809000.00,-13063000.00,2025-09-30 22:32:54.332860+03:00,2025-09-30 22:32:54.332860+03:00
9603.SR,Horizon Educational Co.,NOMU,2024,2024-06-30,42802584.00,16190443.00,10234555.00,11811442.00,11811442.00,2025-09-30 22:36:47.053929+03:00,2025-09-30 22:36:47.053929+03:00
9603.SR,Horizon Educational Co.,NOMU,2023,2023-06-30,36758691.00,13968343.00,8935511.00,14444520.00,14444520.00,2025-09-30 22:36:47.053929+03:00,2025-09-30 22:36:47.053929+03:00
9604.SR,Miral Dental Clinics Co.,NOMU,2024,2024-12-31,74448644.00,27642726.00,16708493.00,21907527.00,20576281.00,2025-09-30 22:31:26.642875+03:00,2025-09-30 22:31:26.642875+03:00
9604.SR,Miral Dental Clinics Co.,NOMU,2023,2023-12-31,65365799.00,24024182.00,12362904.00,12880532.00,11016631.00,2025-09-30 22:31:26.642875+03:00,2025-09-30 22:31:26.642875+03:00
9605.SR,Neft Alsharq Company for Chemic,NOMU,2024,2024-12-31,62759134.00,11643686.00,2632051.00,-5194117.00,-9275034.00,2025-09-30 22:34:28.732272+03:00,2025-09-30 22:34:28.732272+03:00
9605.SR,Neft Alsharq Company for Chemic,NOMU,2023,2023-12-31,62045261.00,10060947.00,4396448.00,1927839.00,864326.00,2025-09-30 22:34:28.732272+03:00,2025-09-30 22:34:28.732272+03:00
9606.SR,Altharwah Albashariyyah Co.,NOMU,2024,2024-12-31,87706808.00,35770331.00,12490514.00,-3202855.00,-3202855.00,2025-09-30 22:36:34.105972+03:00,2025-09-30 22:36:34.105972+03:00
9606.SR,Altharwah Albashariyyah Co.,NOMU,2023,2023-12-31,79397824.00,31966191.00,16538010.00,-2822535.00,-2822535.00,2025-09-30 22:36:34.105972+03:00,2025-09-30 22:36:34.105972+03:00
9607.SR,ASG Plastic Factory Co.,NOMU,2024,2024-12-31,142725352.00,60590563.00,32208951.00,21824357.00,4007580.00,2025-09-30 22:34:24.502685+03:00,2025-09-30 22:34:24.502685+03:00
9607.SR,ASG Plastic Factory Co.,NOMU,2023,2023-12-31,107376722.00,43491012.00,22517089.00,19860593.00,9764049.00,2025-09-30 22:34:24.502685+03:00,2025-09-30 22:34:24.502685+03:00
9608.SR,Al Ashghal Al Moysra Co.,NOMU,2024,2024-12-31,65389015.00,19235301.00,10853885.00,-1841588.00,-1841588.00,2025-09-30 22:34:50.248401+03:00,2025-09-30 22:34:50.248401+03:00
9608.SR,Al Ashghal Al Moysra Co.,NOMU,2023,2023-12-31,53942761.00,17632616.00,10645924.00,10506515.00,10506515.00,2025-09-30 22:34:50.248401+03:00,2025-09-30 22:34:50.248401+03:00
9609.SR,Nass Petrol Factory Company,NOMU,2024,2024-12-31,76939117.00,17941715.00,6900476.00,5556437.00,-1439409.00,2025-09-30 22:34:41.694870+03:00,2025-09-30 22:34:41.694870+03:00
9609.SR,Nass Petrol Factory Company,NOMU,2023,2023-12-31,91354648.00,19884317.00,8700104.00,13331468.00,5146418.00,2025-09-30 22:34:41.694870+03:00,2025-09-30 22:34:41.694870+03:00
9610.SR,First Avenue for Real Estate De,NOMU,2024,2024-12-31,,72562096.00,59297479.00,42015568.00,42015568.00,2025-09-30 22:30:04.484292+03:00,2025-09-30 22:30:04.484292+03:00
9610.SR,First Avenue for Real Estate De,NOMU,2023,2023-12-31,,49554566.00,41951765.00,96987793.00,96987793.00,2025-09-30 22:30:04.484292+03:00,2025-09-30 22:30:04.484292+03:00
9611.SR,Arabian United Float Glass Company,NOMU,2024,2024-12-31,292405188.00,116221656.00,54479450.00,78705522.00,66993738.00,2025-09-30 22:34:46.004379+03:00,2025-09-30 22:34:46.004379+03:00
9611.SR,Arabian United Float Glass Company,NOMU,2023,2023-12-31,278842409.00,102109521.00,49245864.00,88733123.00,70929613.00,2025-09-30 22:34:46.004379+03:00,2025-09-30 22:34:46.004379+03:00
9612.SR,Sama Healthy Water Factory Co.,NOMU,2024,2024-12-31,81449160.00,41784544.00,11140591.00,32655363.00,12178332.00,2025-09-30 22:31:00.670634+03:00,2025-09-30 22:31:00.670634+03:00
9612.SR,Sama Healthy Water Factory Co.,NOMU,2023,2023-12-31,87428490.00,41623451.00,9160859.00,4638445.00,2126937.00,2025-09-30 22:31:00.670634+03:00,2025-09-30 22:31:00.670634+03:00
9613.SR,Shalfa Facilities Management Company,NOMU,2024,2024-12-31,320011595.00,49714622.00,21101143.00,-9997969.00,-9997969.00,2025-09-30 22:36:29.614843+03:00,2025-09-30 22:36:29.614843+03:00
9613.SR,Shalfa Facilities Management Company,NOMU,2023,2023-12-31,260381399.00,48896055.00,25362546.00,1586458.00,1586458.00,2025-09-30 22:36:29.614843+03:00,2025-09-30 22:36:29.614843+03:00
9615.SR,Mufeed Company,NOMU,2024,2024-12-31,165564941.00,54874889.00,34587899.00,22226275.00,22226275.00,2025-09-30 22:29:34.202710+03:00,2025-09-30 22:29:34.202710+03:00
9615.SR,Mufeed Company,NOMU,2023,2023-12-31,178942786.00,83079470.00,58257433.00,24002498.00,24002498.00,2025-09-30 22:29:34.202710+03:00,2025-09-30 22:29:34.202710+03:00
9617.SR,Arabica Star Co.,NOMU,2024,2024-12-31,54188675.00,14116600.00,4365925.00,19945607.00,4393758.00,2025-09-30 22:36:59.789845+03:00,2025-09-30 22:36:59.789845+03:00
9617.SR,Arabica Star Co.,NOMU,2023,2023-12-31,61508380.00,14064318.00,4724032.00,13341119.00,7148478.00,2025-09-30 22:36:59.789845+03:00,2025-09-30 22:36:59.789845+03:00
9618.SR,Al-Fakhera Men's Tailoring Company,NOMU,2024,2024-12-31,113554414.00,64803484.00,14763226.00,30584707.00,30584707.00,2025-09-30 22:29:42.865943+03:00,2025-09-30 22:29:42.865943+03:00
9618.SR,Al-Fakhera Men's Tailoring Company,NOMU,2023,2023-12-31,98201200.00,55563591.00,18722202.00,26129450.00,26129450.00,2025-09-30 22:29:42.865943+03:00,2025-09-30 22:29:42.865943+03:00
9619.SR,Multi Business Group Company for Projects,NOMU,2024,2024-12-31,135048311.00,30507394.00,20554909.00,-25098544.00,-39302928.00,2025-09-30 22:36:21.006545+03:00,2025-09-30 22:36:21.006545+03:00
9619.SR,Multi Business Group Company for Projects,NOMU,2023,2023-12-31,124828750.00,27187189.00,17263721.00,-4443431.00,-10492286.00,2025-09-30 22:36:21.006545+03:00,2025-09-30 22:36:21.006545+03:00
9620.SR,Balsm Alofoq Medical Co.,NOMU,2024,2024-12-31,19856691.00,9383499.00,4780150.00,5482519.00,5271809.00,2025-09-30 22:31:04.952048+03:00,2025-09-30 22:31:04.952048+03:00
9620.SR,Balsm Alofoq Medical Co.,NOMU,2023,2023-12-31,18033056.00,8167524.00,4162205.00,5410527.00,-1740321.00,2025-09-30 22:31:04.952048+03:00,2025-09-30 22:31:04.952048+03:00
9621.SR,Digital Research Company,NOMU,2024,2024-12-31,63054027.00,21072128.00,5929471.00,13532747.00,13201132.00,2025-09-30 22:36:25.267253+03:00,2025-09-30 22:36:25.267253+03:00
9621.SR,Digital Research Company,NOMU,2023,2023-12-31,54291812.00,19823881.00,10532300.00,9304745.00,9027691.00,2025-09-30 22:36:25.267253+03:00,2025-09-30 22:36:25.267253+03:00
9623.SR,Al Battal Factory for Chemical Industries Company,NOMU,2024,2024-12-31,67282672.00,23966239.00,9494601.00,21630565.00,21630565.00,2025-09-30 22:34:16.054812+03:00,2025-09-30 22:34:16.054812+03:00
9623.SR,Al Battal Factory for Chemical Industries Company,NOMU,2023,2023-12-31,72269807.00,26115879.00,11919545.00,15094835.00,15094835.00,2025-09-30 22:34:16.054812+03:00,2025-09-30 22:34:16.054812+03:00
9637.SR,Axelerated Solutions for Inform,NOMU,2024,2024-12-31,419235097.00,66750036.00,49362267.00,24199240.00,21353862.00,2025-09-30 22:37:56.242099+03:00,2025-09-30 22:37:56.242099+03:00
9637.SR,Axelerated Solutions for Inform,NOMU,2023,2023-12-31,270863586.00,55964811.00,0.00,-8009029.00,-8364701.00,2025-09-30 22:37:56.242099+03:00,2025-09-30 22:37:56.242099+03:00
