symbol,company_name,exchange,fiscal_year,fiscal_quarter,quarter_end_date,revenue,gross_profit,net_income,operating_cash_flow,free_cash_flow,created_at,updated_at
1010.SR,Riyad Bank,Tadawul,2025,2,2025-06-30,4503007000.00,,2596620000.00,5777068000.00,5373365000.00,2025-09-30 22:20:48.739059+03:00,2025-09-30 22:20:48.739059+03:00
1010.SR,Riyad Bank,Tadawul,2025,1,2025-03-31,4473486000.00,,2486007000.00,-15793948000.00,-16263450000.00,2025-09-30 22:20:48.739059+03:00,2025-09-30 22:20:48.739059+03:00
1010.SR,Riyad Bank,Tadawul,2024,4,2024-12-31,4399051000.00,,2257382000.00,-889277000.00,-1501820000.00,2025-09-30 22:20:48.739059+03:00,2025-09-30 22:20:48.739059+03:00
1010.SR,Riyad Bank,Tadawul,2024,3,2024-09-30,4540353000.00,,2654086000.00,14833390000.00,14370258000.00,2025-09-30 22:20:48.739059+03:00,2025-09-30 22:20:48.739059+03:00
1010.SR,Riyad Bank,Tadawul,2024,2,2024-06-30,4226048000.00,,2337703000.00,-5413460000.00,-5821355000.00,2025-09-30 22:20:48.739059+03:00,2025-09-30 22:20:48.739059+03:00
1010.SR,Riyad Bank,Tadawul,2024,1,2024-03-31,,,,,,2025-09-30 22:20:48.739059+03:00,2025-09-30 22:20:48.739059+03:00
1020.SR,Bank AlJazira,Tadawul,2025,2,2025-06-30,1101841000.00,,382127000.00,1863486000.00,1798279000.00,2025-09-30 22:20:53.218853+03:00,2025-09-30 22:20:53.218853+03:00
1020.SR,Bank AlJazira,Tadawul,2025,1,2025-03-31,1079872000.00,,360995000.00,-1821056000.00,-1884883000.00,2025-09-30 22:20:53.218853+03:00,2025-09-30 22:20:53.218853+03:00
1020.SR,Bank AlJazira,Tadawul,2024,4,2024-12-31,966872000.00,,280242000.00,1064480000.00,984603000.00,2025-09-30 22:20:53.218853+03:00,2025-09-30 22:20:53.218853+03:00
1020.SR,Bank AlJazira,Tadawul,2024,3,2024-09-30,1020721000.00,,332721000.00,1484020000.00,1451288000.00,2025-09-30 22:20:53.218853+03:00,2025-09-30 22:20:53.218853+03:00
1020.SR,Bank AlJazira,Tadawul,2024,2,2024-06-30,903060000.00,,317550000.00,-2451070000.00,-2477132000.00,2025-09-30 22:20:53.218853+03:00,2025-09-30 22:20:53.218853+03:00
1020.SR,Bank AlJazira,Tadawul,2024,1,2024-03-31,,,,,,2025-09-30 22:20:53.218853+03:00,2025-09-30 22:20:53.218853+03:00
1030.SR,The Saudi Investment Bank,Tadawul,2025,2,2025-06-30,1069848000.00,,512456000.00,-425179000.00,-504255000.00,2025-09-30 22:20:58.365665+03:00,2025-09-30 22:20:58.365665+03:00
1030.SR,The Saudi Investment Bank,Tadawul,2025,1,2025-03-31,1050318000.00,,503324000.00,2923634000.00,2815965000.00,2025-09-30 22:20:58.365665+03:00,2025-09-30 22:20:58.365665+03:00
1030.SR,The Saudi Investment Bank,Tadawul,2024,4,2024-12-31,1078710000.00,,509994000.00,-2227412000.00,-2333845000.00,2025-09-30 22:20:58.365665+03:00,2025-09-30 22:20:58.365665+03:00
1030.SR,The Saudi Investment Bank,Tadawul,2024,3,2024-09-30,1077887000.00,,517842000.00,3345603000.00,3289328000.00,2025-09-30 22:20:58.365665+03:00,2025-09-30 22:20:58.365665+03:00
1030.SR,The Saudi Investment Bank,Tadawul,2024,2,2024-06-30,1022524000.00,,486378000.00,912976000.00,832029000.00,2025-09-30 22:20:58.365665+03:00,2025-09-30 22:20:58.365665+03:00
1030.SR,The Saudi Investment Bank,Tadawul,2024,1,2024-03-31,,,,,,2025-09-30 22:20:58.365665+03:00,2025-09-30 22:20:58.365665+03:00
1050.SR,Banque Saudi Fransi,Tadawul,2025,2,2025-06-30,2700260000.00,,1403066000.00,-5839198000.00,-5905674000.00,2025-09-30 22:21:03.016662+03:00,2025-09-30 22:21:03.016662+03:00
1050.SR,Banque Saudi Fransi,Tadawul,2025,1,2025-03-31,2627262000.00,,1337891000.00,296614000.00,217084000.00,2025-09-30 22:21:03.016662+03:00,2025-09-30 22:21:03.016662+03:00
1050.SR,Banque Saudi Fransi,Tadawul,2024,4,2024-12-31,2539103000.00,,1116804000.00,-2032016000.00,-2268110000.00,2025-09-30 22:21:03.016662+03:00,2025-09-30 22:21:03.016662+03:00
1050.SR,Banque Saudi Fransi,Tadawul,2024,3,2024-09-30,2389531000.00,,1148122000.00,-5812581000.00,-5987561000.00,2025-09-30 22:21:03.016662+03:00,2025-09-30 22:21:03.016662+03:00
1050.SR,Banque Saudi Fransi,Tadawul,2024,2,2024-06-30,2359044000.00,,1129180000.00,9438852000.00,9353536000.00,2025-09-30 22:21:03.016662+03:00,2025-09-30 22:21:03.016662+03:00
1050.SR,Banque Saudi Fransi,Tadawul,2024,1,2024-03-31,,,,,,2025-09-30 22:21:03.016662+03:00,2025-09-30 22:21:03.016662+03:00
1060.SR,Saudi Awwal Bank,Tadawul,2025,2,2025-06-30,3745862000.00,,2126600000.00,1661653000.00,1431353000.00,2025-09-30 22:21:07.523428+03:00,2025-09-30 22:21:07.523428+03:00
1060.SR,Saudi Awwal Bank,Tadawul,2025,1,2025-03-31,3644751000.00,,2135287000.00,4925591000.00,4786804000.00,2025-09-30 22:21:07.523428+03:00,2025-09-30 22:21:07.523428+03:00
1060.SR,Saudi Awwal Bank,Tadawul,2024,4,2024-12-31,3672790000.00,,2126016000.00,-4774261000.00,-4991405000.00,2025-09-30 22:21:07.523428+03:00,2025-09-30 22:21:07.523428+03:00
1060.SR,Saudi Awwal Bank,Tadawul,2024,3,2024-09-30,3527769000.00,,1883166000.00,3912543000.00,3681058000.00,2025-09-30 22:21:07.523428+03:00,2025-09-30 22:21:07.523428+03:00
1060.SR,Saudi Awwal Bank,Tadawul,2024,2,2024-06-30,3512970000.00,,2018260000.00,454280000.00,389778000.00,2025-09-30 22:21:07.523428+03:00,2025-09-30 22:21:07.523428+03:00
1060.SR,Saudi Awwal Bank,Tadawul,2024,1,2024-03-31,,,,,,2025-09-30 22:21:07.523428+03:00,2025-09-30 22:21:07.523428+03:00
1060.SR,Saudi Awwal Bank,Tadawul,2023,4,2023-12-31,,,,,,2025-09-30 22:21:07.523428+03:00,2025-09-30 22:21:07.523428+03:00
1080.SR,Arab National Bank,Tadawul,2025,2,2025-06-30,2594109000.00,,1336471000.00,-2432285000.00,-2604443000.00,2025-09-30 22:21:12.095412+03:00,2025-09-30 22:21:12.095412+03:00
1080.SR,Arab National Bank,Tadawul,2025,1,2025-03-31,2530533000.00,,1303686000.00,3996182000.00,3827733000.00,2025-09-30 22:21:12.095412+03:00,2025-09-30 22:21:12.095412+03:00
1080.SR,Arab National Bank,Tadawul,2024,4,2024-12-31,2415738000.00,,1256491000.00,2586418000.00,2382066000.00,2025-09-30 22:21:12.095412+03:00,2025-09-30 22:21:12.095412+03:00
1080.SR,Arab National Bank,Tadawul,2024,3,2024-09-30,2409048000.00,,1243128000.00,2815193000.00,2616018000.00,2025-09-30 22:21:12.095412+03:00,2025-09-30 22:21:12.095412+03:00
1080.SR,Arab National Bank,Tadawul,2024,2,2024-06-30,2335177000.00,,1230846000.00,-2223619000.00,-2362102000.00,2025-09-30 22:21:12.095412+03:00,2025-09-30 22:21:12.095412+03:00
1080.SR,Arab National Bank,Tadawul,2024,1,2024-03-31,,,,,,2025-09-30 22:21:12.095412+03:00,2025-09-30 22:21:12.095412+03:00
1080.SR,Arab National Bank,Tadawul,2023,4,2023-12-31,,,,,,2025-09-30 22:21:12.095412+03:00,2025-09-30 22:21:12.095412+03:00
1111.SR,Saudi Tadawul Group Holding Company,Tadawul,2025,2,2025-06-30,318855572.00,174189603.00,96248586.00,123871547.00,103304412.00,2025-09-30 22:21:47.574733+03:00,2025-09-30 22:21:47.574733+03:00
1111.SR,Saudi Tadawul Group Holding Company,Tadawul,2025,1,2025-03-31,328239794.00,192338717.00,120508206.00,150317929.00,126258528.00,2025-09-30 22:21:47.574733+03:00,2025-09-30 22:21:47.574733+03:00
1111.SR,Saudi Tadawul Group Holding Company,Tadawul,2024,4,2024-12-31,346325447.00,219650972.00,116140502.00,-475440442.00,-570098920.00,2025-09-30 22:21:47.574733+03:00,2025-09-30 22:21:47.574733+03:00
1111.SR,Saudi Tadawul Group Holding Company,Tadawul,2024,3,2024-09-30,359141330.00,212207883.00,140350071.00,762339366.00,706427349.00,2025-09-30 22:21:47.574733+03:00,2025-09-30 22:21:47.574733+03:00
1111.SR,Saudi Tadawul Group Holding Company,Tadawul,2024,2,2024-06-30,353466264.00,218192832.00,163830756.00,-58432924.00,-87451787.00,2025-09-30 22:21:47.574733+03:00,2025-09-30 22:21:47.574733+03:00
1111.SR,Saudi Tadawul Group Holding Company,Tadawul,2024,1,2024-03-31,,,,,,2025-09-30 22:21:47.574733+03:00,2025-09-30 22:21:47.574733+03:00
1111.SR,Saudi Tadawul Group Holding Company,Tadawul,2023,4,2023-12-31,,,,,,2025-09-30 22:21:47.574733+03:00,2025-09-30 22:21:47.574733+03:00
1120.SR,Al Rajhi Banking and Investment Corporation,Tadawul,2025,2,2025-06-30,9602821000.00,,6151011000.00,-6044988000.00,-6014540000.00,2025-09-30 21:28:44.146231+03:00,2025-09-30 21:28:44.146231+03:00
1120.SR,Al Rajhi Banking and Investment Corporation,Tadawul,2025,1,2025-03-31,9200154000.00,,5906040000.00,-1213982000.00,-1858362000.00,2025-09-30 21:28:44.146231+03:00,2025-09-30 21:28:44.146231+03:00
1120.SR,Al Rajhi Banking and Investment Corporation,Tadawul,2024,4,2024-12-31,8595839000.00,,5515833000.00,25176698000.00,23519418000.00,2025-09-30 21:28:44.146231+03:00,2025-09-30 21:28:44.146231+03:00
1120.SR,Al Rajhi Banking and Investment Corporation,Tadawul,2024,3,2024-09-30,8439096000.00,,5103432000.00,10041148000.00,9324577000.00,2025-09-30 21:28:44.146231+03:00,2025-09-30 21:28:44.146231+03:00
1120.SR,Al Rajhi Banking and Investment Corporation,Tadawul,2024,2,2024-06-30,7637001000.00,,4698183000.00,14054790000.00,13503541000.00,2025-09-30 21:28:44.146231+03:00,2025-09-30 21:28:44.146231+03:00
1120.SR,Al Rajhi Banking and Investment Corporation,Tadawul,2024,1,2024-03-31,,,,,,2025-09-30 21:28:44.146231+03:00,2025-09-30 21:28:44.146231+03:00
1120.SR,Al Rajhi Banking and Investment Corporation,Tadawul,2023,4,2023-12-31,,,,,,2025-09-30 21:28:44.146231+03:00,2025-09-30 21:28:44.146231+03:00
1140.SR,Bank Albilad,Tadawul,2025,2,2025-06-30,1540711000.00,,765765000.00,-2178664000.00,-2292507000.00,2025-09-30 22:21:16.474813+03:00,2025-09-30 22:21:16.474813+03:00
1140.SR,Bank Albilad,Tadawul,2025,1,2025-03-31,1463847000.00,,700384000.00,859714000.00,711105000.00,2025-09-30 22:21:16.474813+03:00,2025-09-30 22:21:16.474813+03:00
1140.SR,Bank Albilad,Tadawul,2024,4,2024-12-31,1458638000.00,,789948000.00,-1226913000.00,-1353200000.00,2025-09-30 22:21:16.474813+03:00,2025-09-30 22:21:16.474813+03:00
1140.SR,Bank Albilad,Tadawul,2024,3,2024-09-30,1446279000.00,,702686000.00,6590465000.00,6474746000.00,2025-09-30 22:21:16.474813+03:00,2025-09-30 22:21:16.474813+03:00
1140.SR,Bank Albilad,Tadawul,2024,2,2024-06-30,1407741000.00,,670847000.00,2566421000.00,2467381000.00,2025-09-30 22:21:16.474813+03:00,2025-09-30 22:21:16.474813+03:00
1140.SR,Bank Albilad,Tadawul,2024,1,2024-03-31,,,,,,2025-09-30 22:21:16.474813+03:00,2025-09-30 22:21:16.474813+03:00
1150.SR,Alinma Bank,Tadawul,2025,2,2025-06-30,2939564000.00,,1573255000.00,1577947000.00,1388637000.00,2025-09-30 22:21:21.010475+03:00,2025-09-30 22:21:21.010475+03:00
1150.SR,Alinma Bank,Tadawul,2025,1,2025-03-31,2813280000.00,,1508009000.00,1761987000.00,1526632000.00,2025-09-30 22:21:21.010475+03:00,2025-09-30 22:21:21.010475+03:00
1150.SR,Alinma Bank,Tadawul,2024,4,2024-12-31,2810948000.00,,1528897000.00,3414887000.00,3110217000.00,2025-09-30 22:21:21.010475+03:00,2025-09-30 22:21:21.010475+03:00
1150.SR,Alinma Bank,Tadawul,2024,3,2024-09-30,2818022000.00,,1571463000.00,397240000.00,181635000.00,2025-09-30 22:21:21.010475+03:00,2025-09-30 22:21:21.010475+03:00
1150.SR,Alinma Bank,Tadawul,2024,2,2024-06-30,2738945000.00,,1416567000.00,5244099000.00,5093020000.00,2025-09-30 22:21:21.010475+03:00,2025-09-30 22:21:21.010475+03:00
1150.SR,Alinma Bank,Tadawul,2024,1,2024-03-31,,,,,,2025-09-30 22:21:21.010475+03:00,2025-09-30 22:21:21.010475+03:00
1180.SR,The Saudi National Bank,Tadawul,2025,2,2025-06-30,9881289000.00,,6137244000.00,4685441000.00,4359503000.00,2025-09-30 22:21:25.482907+03:00,2025-09-30 22:21:25.482907+03:00
1180.SR,The Saudi National Bank,Tadawul,2025,1,2025-03-31,9929465000.00,,6021903000.00,17501390000.00,17070481000.00,2025-09-30 22:21:25.482907+03:00,2025-09-30 22:21:25.482907+03:00
1180.SR,The Saudi National Bank,Tadawul,2024,4,2024-12-31,9397764000.00,,5556726000.00,-24205894000.00,-24727239000.00,2025-09-30 22:21:25.482907+03:00,2025-09-30 22:21:25.482907+03:00
1180.SR,The Saudi National Bank,Tadawul,2024,3,2024-09-30,9583307000.00,,5366102000.00,7683014000.00,7144014000.00,2025-09-30 22:21:25.482907+03:00,2025-09-30 22:21:25.482907+03:00
1180.SR,The Saudi National Bank,Tadawul,2024,2,2024-06-30,9278031000.00,,5230558000.00,-18315665000.00,-18692471000.00,2025-09-30 22:21:25.482907+03:00,2025-09-30 22:21:25.482907+03:00
1180.SR,The Saudi National Bank,Tadawul,2024,1,2024-03-31,,,,,,2025-09-30 22:21:25.482907+03:00,2025-09-30 22:21:25.482907+03:00
1182.SR,Amlak International Finance Company,Tadawul,2025,2,2025-06-30,83072000.00,,20390000.00,-11105000.00,-18385000.00,2025-09-30 22:21:38.855357+03:00,2025-09-30 22:21:38.855357+03:00
1182.SR,Amlak International Finance Company,Tadawul,2025,1,2025-03-31,81666000.00,,11915000.00,24741000.00,21274000.00,2025-09-30 22:21:38.855357+03:00,2025-09-30 22:21:38.855357+03:00
1182.SR,Amlak International Finance Company,Tadawul,2024,4,2024-12-31,74767000.00,,19151000.00,-143949000.00,-156799000.00,2025-09-30 22:21:38.855357+03:00,2025-09-30 22:21:38.855357+03:00
1182.SR,Amlak International Finance Company,Tadawul,2024,3,2024-09-30,62057000.00,,10324000.00,-140672000.00,-146243000.00,2025-09-30 22:21:38.855357+03:00,2025-09-30 22:21:38.855357+03:00
1182.SR,Amlak International Finance Company,Tadawul,2024,2,2024-06-30,56388000.00,,8233000.00,-46536000.00,-52875000.00,2025-09-30 22:21:38.855357+03:00,2025-09-30 22:21:38.855357+03:00
1182.SR,Amlak International Finance Company,Tadawul,2024,1,2024-03-31,,,,,,2025-09-30 22:21:38.855357+03:00,2025-09-30 22:21:38.855357+03:00
1183.SR,SHL Finance Company,Tadawul,2025,2,2025-06-30,48883000.00,,11928000.00,-71141000.00,-71454000.00,2025-09-30 22:21:34.319967+03:00,2025-09-30 22:21:34.319967+03:00
1183.SR,SHL Finance Company,Tadawul,2025,1,2025-03-31,44540000.00,,14086000.00,41517000.00,41423000.00,2025-09-30 22:21:34.319967+03:00,2025-09-30 22:21:34.319967+03:00
1183.SR,SHL Finance Company,Tadawul,2024,4,2024-12-31,40707000.00,,10761000.00,19047000.00,18840000.00,2025-09-30 22:21:34.319967+03:00,2025-09-30 22:21:34.319967+03:00
1183.SR,SHL Finance Company,Tadawul,2024,3,2024-09-30,35390000.00,,5112000.00,53381000.00,52758000.00,2025-09-30 22:21:34.319967+03:00,2025-09-30 22:21:34.319967+03:00
1183.SR,SHL Finance Company,Tadawul,2024,2,2024-06-30,36694000.00,,6040000.00,28227000.00,28132000.00,2025-09-30 22:21:34.319967+03:00,2025-09-30 22:21:34.319967+03:00
1183.SR,SHL Finance Company,Tadawul,2024,1,2024-03-31,,,,,,2025-09-30 22:21:34.319967+03:00,2025-09-30 22:21:34.319967+03:00
1183.SR,SHL Finance Company,Tadawul,2023,4,2023-12-31,,,,,,2025-09-30 22:21:34.319967+03:00,2025-09-30 22:21:34.319967+03:00
1201.SR,Takween Advanced Industries,Tadawul,2025,2,2025-06-30,138381000.00,11586000.00,-26049000.00,-31610000.00,-43427000.00,2025-09-30 21:50:58.290350+03:00,2025-09-30 21:50:58.290350+03:00
1201.SR,Takween Advanced Industries,Tadawul,2025,1,2025-03-31,145001000.00,18372000.00,-9519000.00,12781000.00,3921000.00,2025-09-30 21:50:58.290350+03:00,2025-09-30 21:50:58.290350+03:00
1201.SR,Takween Advanced Industries,Tadawul,2024,4,2024-12-31,142868000.00,6941000.00,-50008000.00,21228000.00,6543000.00,2025-09-30 21:50:58.290350+03:00,2025-09-30 21:50:58.290350+03:00
1201.SR,Takween Advanced Industries,Tadawul,2024,3,2024-09-30,183899000.00,16133000.00,-17661000.00,-56407000.00,-72064000.00,2025-09-30 21:50:58.290350+03:00,2025-09-30 21:50:58.290350+03:00
1201.SR,Takween Advanced Industries,Tadawul,2024,2,2024-06-30,161827000.00,21163000.00,-4169000.00,77435000.00,89508000.00,2025-09-30 21:50:58.290350+03:00,2025-09-30 21:50:58.290350+03:00
1201.SR,Takween Advanced Industries,Tadawul,2024,1,2024-03-31,,,,,,2025-09-30 21:50:58.290350+03:00,2025-09-30 21:50:58.290350+03:00
1202.SR,Middle East Company for Manufacturing and Producing Paper,Tadawul,2025,2,2025-06-30,275129510.00,37061439.00,5225375.00,65601580.00,29372592.00,2025-09-30 21:50:49.649584+03:00,2025-09-30 21:50:49.649584+03:00
1202.SR,Middle East Company for Manufacturing and Producing Paper,Tadawul,2025,1,2025-03-31,259090078.00,33946683.00,5331352.00,25870400.00,-71163665.00,2025-09-30 21:50:49.649584+03:00,2025-09-30 21:50:49.649584+03:00
1202.SR,Middle East Company for Manufacturing and Producing Paper,Tadawul,2024,4,2024-12-31,289832162.00,-28938283.00,-44503853.00,-24809039.00,-51569157.00,2025-09-30 21:50:49.649584+03:00,2025-09-30 21:50:49.649584+03:00
1202.SR,Middle East Company for Manufacturing and Producing Paper,Tadawul,2024,3,2024-09-30,276894804.00,49780899.00,-18500641.00,-67635436.00,-31198725.00,2025-09-30 21:50:49.649584+03:00,2025-09-30 21:50:49.649584+03:00
1202.SR,Middle East Company for Manufacturing and Producing Paper,Tadawul,2024,2,2024-06-30,255076049.00,43857290.00,4038532.00,-17261260.00,-95226125.00,2025-09-30 21:50:49.649584+03:00,2025-09-30 21:50:49.649584+03:00
1202.SR,Middle East Company for Manufacturing and Producing Paper,Tadawul,2024,1,2024-03-31,,,,,,2025-09-30 21:50:49.649584+03:00,2025-09-30 21:50:49.649584+03:00
1202.SR,Middle East Company for Manufacturing and Producing Paper,Tadawul,2023,4,2023-12-31,,,,,,2025-09-30 21:50:49.649584+03:00,2025-09-30 21:50:49.649584+03:00
1210.SR,Basic Chemical Industries Company,Tadawul,2025,2,2025-06-30,188499658.00,44265339.00,3608202.00,-1278399.00,7098373.00,2025-09-30 21:56:04.625696+03:00,2025-09-30 21:56:04.625696+03:00
1210.SR,Basic Chemical Industries Company,Tadawul,2025,1,2025-03-31,161555471.00,37022672.00,-2516103.00,15139923.00,-3266070.00,2025-09-30 21:56:04.625696+03:00,2025-09-30 21:56:04.625696+03:00
1210.SR,Basic Chemical Industries Company,Tadawul,2024,4,2024-12-31,190214149.00,46532219.00,3799886.00,48078927.00,45772128.00,2025-09-30 21:56:04.625696+03:00,2025-09-30 21:56:04.625696+03:00
1210.SR,Basic Chemical Industries Company,Tadawul,2024,3,2024-09-30,198066548.00,44904633.00,2284738.00,8428681.00,5432791.00,2025-09-30 21:56:04.625696+03:00,2025-09-30 21:56:04.625696+03:00
1210.SR,Basic Chemical Industries Company,Tadawul,2024,2,2024-06-30,187619670.00,46491643.00,2256509.00,-36205977.00,-45026266.00,2025-09-30 21:56:04.625696+03:00,2025-09-30 21:56:04.625696+03:00
1210.SR,Basic Chemical Industries Company,Tadawul,2024,1,2024-03-31,,,,,,2025-09-30 21:56:04.625696+03:00,2025-09-30 21:56:04.625696+03:00
1210.SR,Basic Chemical Industries Company,Tadawul,2023,4,2023-12-31,,,,,,2025-09-30 21:56:04.625696+03:00,2025-09-30 21:56:04.625696+03:00
1211.SR,Saudi Arabian Mining Company (Ma'aden),Tadawul,2025,2,2025-06-30,9415768138.00,3523313504.00,1921838089.00,1825312327.00,428396421.00,2025-09-30 21:56:08.983849+03:00,2025-09-30 21:56:08.983849+03:00
1211.SR,Saudi Arabian Mining Company (Ma'aden),Tadawul,2025,1,2025-03-31,8510913688.00,3191369052.00,1549961327.00,1737209041.00,371673008.00,2025-09-30 21:56:08.983849+03:00,2025-09-30 21:56:08.983849+03:00
1211.SR,Saudi Arabian Mining Company (Ma'aden),Tadawul,2024,4,2024-12-31,9969180421.00,2239855238.00,-105643942.00,3842693216.00,2274207205.00,2025-09-30 21:56:08.983849+03:00,2025-09-30 21:56:08.983849+03:00
1211.SR,Saudi Arabian Mining Company (Ma'aden),Tadawul,2024,3,2024-09-30,8044911493.00,2403329729.00,971482129.00,2688186532.00,1846686476.00,2025-09-30 21:56:08.983849+03:00,2025-09-30 21:56:08.983849+03:00
1211.SR,Saudi Arabian Mining Company (Ma'aden),Tadawul,2024,2,2024-06-30,7183839715.00,2187649622.00,1024015307.00,1782453141.00,960375430.00,2025-09-30 21:56:08.983849+03:00,2025-09-30 21:56:08.983849+03:00
1211.SR,Saudi Arabian Mining Company (Ma'aden),Tadawul,2024,1,2024-03-31,,,,,,2025-09-30 21:56:08.983849+03:00,2025-09-30 21:56:08.983849+03:00
1211.SR,Saudi Arabian Mining Company (Ma'aden),Tadawul,2023,4,2023-12-31,,,,,,2025-09-30 21:56:08.983849+03:00,2025-09-30 21:56:08.983849+03:00
1212.SR,Astra Industrial Group Company,Tadawul,2025,2,2025-06-30,715112301.00,326588983.00,174924439.00,116229502.00,77161538.00,2025-09-30 21:58:25.117611+03:00,2025-09-30 21:58:25.117611+03:00
1212.SR,Astra Industrial Group Company,Tadawul,2025,1,2025-03-31,833728170.00,372598003.00,171871096.00,179171135.00,161847358.00,2025-09-30 21:58:25.117611+03:00,2025-09-30 21:58:25.117611+03:00
1212.SR,Astra Industrial Group Company,Tadawul,2024,4,2024-12-31,721601089.00,330344397.00,131438601.00,353978243.00,327054500.00,2025-09-30 21:58:25.117611+03:00,2025-09-30 21:58:25.117611+03:00
1212.SR,Astra Industrial Group Company,Tadawul,2024,3,2024-09-30,688527042.00,324022859.00,139413626.00,240370177.00,205687814.00,2025-09-30 21:58:25.117611+03:00,2025-09-30 21:58:25.117611+03:00
1212.SR,Astra Industrial Group Company,Tadawul,2024,2,2024-06-30,819094894.00,338828302.00,168747319.00,12489452.00,-7654278.00,2025-09-30 21:58:25.117611+03:00,2025-09-30 21:58:25.117611+03:00
1212.SR,Astra Industrial Group Company,Tadawul,2024,1,2024-03-31,,,,,,2025-09-30 21:58:25.117611+03:00,2025-09-30 21:58:25.117611+03:00
1212.SR,Astra Industrial Group Company,Tadawul,2023,4,2023-12-31,,,,,,2025-09-30 21:58:25.117611+03:00,2025-09-30 21:58:25.117611+03:00
1213.SR,Naseej International Trading Company,Tadawul,2025,2,2025-06-30,19380000.00,4947000.00,16317000.00,-7088000.00,-10868000.00,2025-09-30 22:00:49.151722+03:00,2025-09-30 22:00:49.151722+03:00
1213.SR,Naseej International Trading Company,Tadawul,2025,1,2025-03-31,26247000.00,1476000.00,-8643000.00,8773000.00,8739000.00,2025-09-30 22:00:49.151722+03:00,2025-09-30 22:00:49.151722+03:00
1213.SR,Naseej International Trading Company,Tadawul,2024,4,2024-12-31,38313000.00,-734000.00,-18416000.00,12644000.00,9770000.00,2025-09-30 22:00:49.151722+03:00,2025-09-30 22:00:49.151722+03:00
1213.SR,Naseej International Trading Company,Tadawul,2024,3,2024-09-30,43251000.00,3213000.00,-9778000.00,2795000.00,2233000.00,2025-09-30 22:00:49.151722+03:00,2025-09-30 22:00:49.151722+03:00
1213.SR,Naseej International Trading Company,Tadawul,2024,2,2024-06-30,51374000.00,3490000.00,-14511000.00,5728000.00,5322000.00,2025-09-30 22:00:49.151722+03:00,2025-09-30 22:00:49.151722+03:00
1213.SR,Naseej International Trading Company,Tadawul,2024,1,2024-03-31,,,,,,2025-09-30 22:00:49.151722+03:00,2025-09-30 22:00:49.151722+03:00
1214.SR,Al Hassan Ghazi Ibrahim Shaker Company,Tadawul,2025,2,2025-06-30,368772000.00,92620000.00,19895000.00,-1780000.00,-2733000.00,2025-09-30 21:58:20.823521+03:00,2025-09-30 21:58:20.823521+03:00
1214.SR,Al Hassan Ghazi Ibrahim Shaker Company,Tadawul,2025,1,2025-03-31,400416000.00,100633000.00,27205000.00,14909000.00,12006000.00,2025-09-30 21:58:20.823521+03:00,2025-09-30 21:58:20.823521+03:00
1214.SR,Al Hassan Ghazi Ibrahim Shaker Company,Tadawul,2024,4,2024-12-31,298909000.00,76717000.00,15172000.00,22653000.00,11520000.00,2025-09-30 21:58:20.823521+03:00,2025-09-30 21:58:20.823521+03:00
1214.SR,Al Hassan Ghazi Ibrahim Shaker Company,Tadawul,2024,3,2024-09-30,358616000.00,88845000.00,17717000.00,78626000.00,78010000.00,2025-09-30 21:58:20.823521+03:00,2025-09-30 21:58:20.823521+03:00
1214.SR,Al Hassan Ghazi Ibrahim Shaker Company,Tadawul,2024,2,2024-06-30,345139000.00,83192000.00,16448000.00,29214000.00,28738000.00,2025-09-30 21:58:20.823521+03:00,2025-09-30 21:58:20.823521+03:00
1214.SR,Al Hassan Ghazi Ibrahim Shaker Company,Tadawul,2024,1,2024-03-31,,,,,,2025-09-30 21:58:20.823521+03:00,2025-09-30 21:58:20.823521+03:00
1214.SR,Al Hassan Ghazi Ibrahim Shaker Company,Tadawul,2023,4,2023-12-31,,,,,,2025-09-30 21:58:20.823521+03:00,2025-09-30 21:58:20.823521+03:00
1301.SR,United Wire Factories Company,Tadawul,2025,2,2025-06-30,181402568.00,11765731.00,1867975.00,34822855.00,30828460.00,2025-09-30 21:55:38.138794+03:00,2025-09-30 21:55:38.138794+03:00
1301.SR,United Wire Factories Company,Tadawul,2025,1,2025-03-31,164818895.00,10521389.00,-623184.00,-20928246.00,-23441145.00,2025-09-30 21:55:38.138794+03:00,2025-09-30 21:55:38.138794+03:00
1301.SR,United Wire Factories Company,Tadawul,2024,4,2024-12-31,179893195.00,13837258.00,1968460.00,35702394.00,29183345.00,2025-09-30 21:55:38.138794+03:00,2025-09-30 21:55:38.138794+03:00
1301.SR,United Wire Factories Company,Tadawul,2024,3,2024-09-30,166034969.00,13517666.00,4014321.00,-39779892.00,-48658357.00,2025-09-30 21:55:38.138794+03:00,2025-09-30 21:55:38.138794+03:00
1301.SR,United Wire Factories Company,Tadawul,2024,2,2024-06-30,174145603.00,14641894.00,4183526.00,59663249.00,46597627.00,2025-09-30 21:55:38.138794+03:00,2025-09-30 21:55:38.138794+03:00
1301.SR,United Wire Factories Company,Tadawul,2024,1,2024-03-31,,,,,,2025-09-30 21:55:38.138794+03:00,2025-09-30 21:55:38.138794+03:00
1302.SR,Bawan Company,Tadawul,2025,2,2025-06-30,966143000.00,171382000.00,50373000.00,145563000.00,129621000.00,2025-09-30 21:58:29.410004+03:00,2025-09-30 21:58:29.410004+03:00
1302.SR,Bawan Company,Tadawul,2025,1,2025-03-31,910178000.00,129790000.00,36505000.00,-29339000.00,-46195000.00,2025-09-30 21:58:29.410004+03:00,2025-09-30 21:58:29.410004+03:00
1302.SR,Bawan Company,Tadawul,2024,4,2024-12-31,821170000.00,119520000.00,30313000.00,17781000.00,-28094000.00,2025-09-30 21:58:29.410004+03:00,2025-09-30 21:58:29.410004+03:00
1302.SR,Bawan Company,Tadawul,2024,3,2024-09-30,682596000.00,81554000.00,23447000.00,9713000.00,-11450000.00,2025-09-30 21:58:29.410004+03:00,2025-09-30 21:58:29.410004+03:00
1302.SR,Bawan Company,Tadawul,2024,2,2024-06-30,632567000.00,68334000.00,23120000.00,64418000.00,52794000.00,2025-09-30 21:58:29.410004+03:00,2025-09-30 21:58:29.410004+03:00
1302.SR,Bawan Company,Tadawul,2024,1,2024-03-31,,,,,,2025-09-30 21:58:29.410004+03:00,2025-09-30 21:58:29.410004+03:00
1302.SR,Bawan Company,Tadawul,2023,4,2023-12-31,,,,,,2025-09-30 21:58:29.410004+03:00,2025-09-30 21:58:29.410004+03:00
1303.SR,Electrical Industries Company,Tadawul,2025,2,2025-06-30,531357608.00,191245306.00,136717080.00,73753615.00,40816782.00,2025-09-30 21:58:38.065727+03:00,2025-09-30 21:58:38.065727+03:00
1303.SR,Electrical Industries Company,Tadawul,2025,1,2025-03-31,506685825.00,185593734.00,123430932.00,168994483.00,147619998.00,2025-09-30 21:58:38.065727+03:00,2025-09-30 21:58:38.065727+03:00
1303.SR,Electrical Industries Company,Tadawul,2024,4,2024-12-31,444245635.00,161594509.00,104534011.00,355042784.00,340246060.00,2025-09-30 21:58:38.065727+03:00,2025-09-30 21:58:38.065727+03:00
1303.SR,Electrical Industries Company,Tadawul,2024,3,2024-09-30,505846108.00,185770232.00,121353103.00,68870912.00,59879532.00,2025-09-30 21:58:38.065727+03:00,2025-09-30 21:58:38.065727+03:00
1303.SR,Electrical Industries Company,Tadawul,2024,2,2024-06-30,494888480.00,167576000.00,100614073.00,125012574.00,111726039.00,2025-09-30 21:58:38.065727+03:00,2025-09-30 21:58:38.065727+03:00
1303.SR,Electrical Industries Company,Tadawul,2024,1,2024-03-31,,,,,,2025-09-30 21:58:38.065727+03:00,2025-09-30 21:58:38.065727+03:00
1304.SR,Al Yamamah Steel Industries Company,Tadawul,2025,2,2025-06-30,477453298.00,57190210.00,15372711.00,30291836.00,-9995355.00,2025-09-30 21:56:13.519704+03:00,2025-09-30 21:56:13.519704+03:00
1304.SR,Al Yamamah Steel Industries Company,Tadawul,2025,1,2025-03-31,512723155.00,52578903.00,21948156.00,-10872360.00,-22668264.00,2025-09-30 21:56:13.519704+03:00,2025-09-30 21:56:13.519704+03:00
1304.SR,Al Yamamah Steel Industries Company,Tadawul,2024,4,2024-12-31,484443933.00,39153326.00,4591817.00,-21240171.00,-23710003.00,2025-09-30 21:56:13.519704+03:00,2025-09-30 21:56:13.519704+03:00
1304.SR,Al Yamamah Steel Industries Company,Tadawul,2024,3,2024-09-30,403251671.00,35021466.00,4262868.00,18223328.00,17200554.00,2025-09-30 21:56:13.519704+03:00,2025-09-30 21:56:13.519704+03:00
1304.SR,Al Yamamah Steel Industries Company,Tadawul,2024,2,2024-06-30,425680502.00,47560899.00,6446945.00,105942434.00,99001588.00,2025-09-30 21:56:13.519704+03:00,2025-09-30 21:56:13.519704+03:00
1304.SR,Al Yamamah Steel Industries Company,Tadawul,2024,1,2024-03-31,,,,,,2025-09-30 21:56:13.519704+03:00,2025-09-30 21:56:13.519704+03:00
1320.SR,Saudi Steel Pipes Company,Tadawul,2025,2,2025-06-30,336399482.00,79328960.00,70829883.00,10224637.00,988236.00,2025-09-30 21:55:42.520087+03:00,2025-09-30 21:55:42.520087+03:00
1320.SR,Saudi Steel Pipes Company,Tadawul,2025,1,2025-03-31,453923948.00,108964211.00,68600176.00,216911280.00,209719752.00,2025-09-30 21:55:42.520087+03:00,2025-09-30 21:55:42.520087+03:00
1320.SR,Saudi Steel Pipes Company,Tadawul,2024,4,2024-12-31,262082347.00,68863636.00,22645916.00,-84888480.00,-95084602.00,2025-09-30 21:55:42.520087+03:00,2025-09-30 21:55:42.520087+03:00
1320.SR,Saudi Steel Pipes Company,Tadawul,2024,3,2024-09-30,380769029.00,117922449.00,50114444.00,122102096.00,106063893.00,2025-09-30 21:55:42.520087+03:00,2025-09-30 21:55:42.520087+03:00
1320.SR,Saudi Steel Pipes Company,Tadawul,2024,2,2024-06-30,472398637.00,105222912.00,51763121.00,26068429.00,17009731.00,2025-09-30 21:55:42.520087+03:00,2025-09-30 21:55:42.520087+03:00
1320.SR,Saudi Steel Pipes Company,Tadawul,2024,1,2024-03-31,,,,,,2025-09-30 21:55:42.520087+03:00,2025-09-30 21:55:42.520087+03:00
1320.SR,Saudi Steel Pipes Company,Tadawul,2023,4,2023-12-31,,,,,,2025-09-30 21:55:42.520087+03:00,2025-09-30 21:55:42.520087+03:00
1321.SR,East Pipes Integrated Company for Industry,Tadawul,2025,2,2025-06-30,385192515.00,105259444.00,90267350.00,250226921.00,248391454.00,2025-09-30 21:56:17.793124+03:00,2025-09-30 21:56:17.793124+03:00
1321.SR,East Pipes Integrated Company for Industry,Tadawul,2025,1,2025-03-31,400369616.00,104175336.00,85586024.00,-118062556.00,-118843204.00,2025-09-30 21:56:17.793124+03:00,2025-09-30 21:56:17.793124+03:00
1321.SR,East Pipes Integrated Company for Industry,Tadawul,2024,4,2024-12-31,527902502.00,135748804.00,112443748.00,211951471.00,207812641.00,2025-09-30 21:56:17.793124+03:00,2025-09-30 21:56:17.793124+03:00
1321.SR,East Pipes Integrated Company for Industry,Tadawul,2024,3,2024-09-30,540154282.00,133762928.00,112849135.00,-150237966.00,-153135968.00,2025-09-30 21:56:17.793124+03:00,2025-09-30 21:56:17.793124+03:00
1321.SR,East Pipes Integrated Company for Industry,Tadawul,2024,2,2024-06-30,364418913.00,86417207.00,71244701.00,293933255.00,293241389.00,2025-09-30 21:56:17.793124+03:00,2025-09-30 21:56:17.793124+03:00
1321.SR,East Pipes Integrated Company for Industry,Tadawul,2023,4,2023-12-31,,,,,,2025-09-30 21:56:17.793124+03:00,2025-09-30 21:56:17.793124+03:00
1322.SR,Al Masane Al Kobra Mining Company,Tadawul,2025,2,2025-06-30,258563288.00,110425658.00,73047621.00,-28570098.00,-62231144.00,2025-09-30 21:51:02.766578+03:00,2025-09-30 21:51:02.766578+03:00
1322.SR,Al Masane Al Kobra Mining Company,Tadawul,2025,1,2025-03-31,219772398.00,83954464.00,55239651.00,140883275.00,102646334.00,2025-09-30 21:51:02.766578+03:00,2025-09-30 21:51:02.766578+03:00
1322.SR,Al Masane Al Kobra Mining Company,Tadawul,2024,4,2024-12-31,226878974.00,90668136.00,41202570.00,95098314.00,65379622.00,2025-09-30 21:51:02.766578+03:00,2025-09-30 21:51:02.766578+03:00
1322.SR,Al Masane Al Kobra Mining Company,Tadawul,2024,3,2024-09-30,215957769.00,80854334.00,59752537.00,117746241.00,72637205.00,2025-09-30 21:51:02.766578+03:00,2025-09-30 21:51:02.766578+03:00
1322.SR,Al Masane Al Kobra Mining Company,Tadawul,2024,2,2024-06-30,203312649.00,87446418.00,61818761.00,45752185.00,-8708759.00,2025-09-30 21:51:02.766578+03:00,2025-09-30 21:51:02.766578+03:00
1322.SR,Al Masane Al Kobra Mining Company,Tadawul,2024,1,2024-03-31,,,,,,2025-09-30 21:51:02.766578+03:00,2025-09-30 21:51:02.766578+03:00
1322.SR,Al Masane Al Kobra Mining Company,Tadawul,2023,4,2023-12-31,,,,,,2025-09-30 21:51:02.766578+03:00,2025-09-30 21:51:02.766578+03:00
1323.SR,United Carton Industries Company,Tadawul,2025,2,2025-06-30,334994542.00,41380919.00,8046053.00,,,2025-09-30 21:55:29.098398+03:00,2025-09-30 21:55:29.098398+03:00
1323.SR,United Carton Industries Company,Tadawul,2024,2,2024-06-30,315168385.00,60253601.00,28087904.00,,,2025-09-30 21:55:29.098398+03:00,2025-09-30 21:55:29.098398+03:00
1810.SR,Seera Holding Group,Tadawul,2025,2,2025-06-30,1207690626.00,446398445.00,3070331.00,216838267.00,189254524.00,2025-09-30 22:00:58.043597+03:00,2025-09-30 22:00:58.043597+03:00
1810.SR,Seera Holding Group,Tadawul,2025,1,2025-03-31,1104476874.00,472223950.00,37072118.00,-117582190.00,-140559796.00,2025-09-30 22:00:58.043597+03:00,2025-09-30 22:00:58.043597+03:00
1810.SR,Seera Holding Group,Tadawul,2024,4,2024-12-31,1005370072.00,431290515.00,-329974668.00,248861487.00,217047402.00,2025-09-30 22:00:58.043597+03:00,2025-09-30 22:00:58.043597+03:00
1810.SR,Seera Holding Group,Tadawul,2024,3,2024-09-30,995156948.00,442001400.00,30660555.00,260989408.00,218519660.00,2025-09-30 22:00:58.043597+03:00,2025-09-30 22:00:58.043597+03:00
1810.SR,Seera Holding Group,Tadawul,2024,2,2024-06-30,1027884285.00,433931893.00,54448210.00,66812269.00,40716453.00,2025-09-30 22:00:58.043597+03:00,2025-09-30 22:00:58.043597+03:00
1810.SR,Seera Holding Group,Tadawul,2024,1,2024-03-31,,,,,,2025-09-30 22:00:58.043597+03:00,2025-09-30 22:00:58.043597+03:00
1820.SR,BAAN Holding Group Company,Tadawul,2025,2,2025-06-30,178608000.00,47330000.00,158000.00,45345000.00,40664000.00,2025-09-30 22:01:06.936919+03:00,2025-09-30 22:01:06.936919+03:00
1820.SR,BAAN Holding Group Company,Tadawul,2025,1,2025-03-31,166544000.00,38789000.00,-16751000.00,55877000.00,52282000.00,2025-09-30 22:01:06.936919+03:00,2025-09-30 22:01:06.936919+03:00
1820.SR,BAAN Holding Group Company,Tadawul,2024,4,2024-12-31,172992000.00,38267000.00,-12405000.00,59319000.00,51742000.00,2025-09-30 22:01:06.936919+03:00,2025-09-30 22:01:06.936919+03:00
1820.SR,BAAN Holding Group Company,Tadawul,2024,3,2024-09-30,161097000.00,44275000.00,7266000.00,78571000.00,64072000.00,2025-09-30 22:01:06.936919+03:00,2025-09-30 22:01:06.936919+03:00
1820.SR,BAAN Holding Group Company,Tadawul,2024,2,2024-06-30,186552000.00,57921000.00,6115000.00,96597000.00,83762000.00,2025-09-30 22:01:06.936919+03:00,2025-09-30 22:01:06.936919+03:00
1820.SR,BAAN Holding Group Company,Tadawul,2024,1,2024-03-31,,,,,,2025-09-30 22:01:06.936919+03:00,2025-09-30 22:01:06.936919+03:00
1830.SR,Leejam Sports Company,Tadawul,2025,2,2025-06-30,375575312.00,134564221.00,73109201.00,185825277.00,108236009.00,2025-09-30 22:01:33.584125+03:00,2025-09-30 22:01:33.584125+03:00
1830.SR,Leejam Sports Company,Tadawul,2025,1,2025-03-31,368888009.00,129628837.00,70887232.00,89951196.00,-25150343.00,2025-09-30 22:01:33.584125+03:00,2025-09-30 22:01:33.584125+03:00
1830.SR,Leejam Sports Company,Tadawul,2024,4,2024-12-31,408406463.00,174356858.00,102421506.00,90260866.00,-97748820.00,2025-09-30 22:01:33.584125+03:00,2025-09-30 22:01:33.584125+03:00
1830.SR,Leejam Sports Company,Tadawul,2024,3,2024-09-30,405740047.00,173336856.00,187134560.00,376115094.00,246003609.00,2025-09-30 22:01:33.584125+03:00,2025-09-30 22:01:33.584125+03:00
1830.SR,Leejam Sports Company,Tadawul,2024,2,2024-06-30,339350997.00,133142282.00,73202106.00,170253101.00,76211126.00,2025-09-30 22:01:33.584125+03:00,2025-09-30 22:01:33.584125+03:00
1830.SR,Leejam Sports Company,Tadawul,2024,1,2024-03-31,,,,,,2025-09-30 22:01:33.584125+03:00,2025-09-30 22:01:33.584125+03:00
1830.SR,Leejam Sports Company,Tadawul,2023,4,2023-12-31,,,,,,2025-09-30 22:01:33.584125+03:00,2025-09-30 22:01:33.584125+03:00
1831.SR,Maharah for Human Resources Company,Tadawul,2025,2,2025-06-30,754527542.00,77380979.00,28435053.00,63771142.00,59823070.00,2025-09-30 21:59:26.273387+03:00,2025-09-30 21:59:26.273387+03:00
1831.SR,Maharah for Human Resources Company,Tadawul,2025,1,2025-03-31,710841211.00,65035045.00,23681046.00,15183733.00,12325678.00,2025-09-30 21:59:26.273387+03:00,2025-09-30 21:59:26.273387+03:00
1831.SR,Maharah for Human Resources Company,Tadawul,2024,4,2024-12-31,621404964.00,61700924.00,1975477.00,59067540.00,32858696.00,2025-09-30 21:59:26.273387+03:00,2025-09-30 21:59:26.273387+03:00
1831.SR,Maharah for Human Resources Company,Tadawul,2024,3,2024-09-30,558403429.00,63393071.00,24365702.00,-19818034.00,-28744933.00,2025-09-30 21:59:26.273387+03:00,2025-09-30 21:59:26.273387+03:00
1831.SR,Maharah for Human Resources Company,Tadawul,2024,2,2024-06-30,532502578.00,73953666.00,51251175.00,9014936.00,6817510.00,2025-09-30 21:59:26.273387+03:00,2025-09-30 21:59:26.273387+03:00
1831.SR,Maharah for Human Resources Company,Tadawul,2024,1,2024-03-31,,,,,,2025-09-30 21:59:26.273387+03:00,2025-09-30 21:59:26.273387+03:00
1831.SR,Maharah for Human Resources Company,Tadawul,2023,4,2023-12-31,,,,,,2025-09-30 21:59:26.273387+03:00,2025-09-30 21:59:26.273387+03:00
1832.SR,Sadr Logistics Company,Tadawul,2025,2,2025-06-30,31952561.00,6213969.00,-7305006.00,18826645.00,1234394.00,2025-09-30 21:59:30.612417+03:00,2025-09-30 21:59:30.612417+03:00
1832.SR,Sadr Logistics Company,Tadawul,2025,1,2025-03-31,33786133.00,6954351.00,122163.00,-19953664.00,-29865151.00,2025-09-30 21:59:30.612417+03:00,2025-09-30 21:59:30.612417+03:00
1832.SR,Sadr Logistics Company,Tadawul,2024,4,2024-12-31,33041174.00,10524634.00,3276147.00,-3291126.00,-23623407.00,2025-09-30 21:59:30.612417+03:00,2025-09-30 21:59:30.612417+03:00
1832.SR,Sadr Logistics Company,Tadawul,2024,3,2024-09-30,25868631.00,5026239.00,-1723154.00,6592687.00,-12730223.00,2025-09-30 21:59:30.612417+03:00,2025-09-30 21:59:30.612417+03:00
1832.SR,Sadr Logistics Company,Tadawul,2024,2,2024-06-30,21280062.00,3775524.00,-3766305.00,3768352.00,-13697295.00,2025-09-30 21:59:30.612417+03:00,2025-09-30 21:59:30.612417+03:00
1832.SR,Sadr Logistics Company,Tadawul,2024,1,2024-03-31,,,,,,2025-09-30 21:59:30.612417+03:00,2025-09-30 21:59:30.612417+03:00
1832.SR,Sadr Logistics Company,Tadawul,2023,4,2023-12-31,,,,,,2025-09-30 21:59:30.612417+03:00,2025-09-30 21:59:30.612417+03:00
1833.SR,Almawarid Manpower Company,Tadawul,2025,2,2025-06-30,624359289.00,54451018.00,32378818.00,29898688.00,29664105.00,2025-09-30 21:59:43.409773+03:00,2025-09-30 21:59:43.409773+03:00
1833.SR,Almawarid Manpower Company,Tadawul,2025,1,2025-03-31,588683941.00,53281622.00,29938438.00,-2486781.00,-3098522.00,2025-09-30 21:59:43.409773+03:00,2025-09-30 21:59:43.409773+03:00
1833.SR,Almawarid Manpower Company,Tadawul,2024,4,2024-12-31,770492904.00,52859526.00,28683329.00,-24319732.00,-25238508.00,2025-09-30 21:59:43.409773+03:00,2025-09-30 21:59:43.409773+03:00
1833.SR,Almawarid Manpower Company,Tadawul,2024,3,2024-09-30,468026122.00,46248522.00,17099504.00,67763094.00,66144656.00,2025-09-30 21:59:43.409773+03:00,2025-09-30 21:59:43.409773+03:00
1833.SR,Almawarid Manpower Company,Tadawul,2024,2,2024-06-30,481546369.00,43776911.00,23228489.00,12034127.00,11303152.00,2025-09-30 21:59:43.409773+03:00,2025-09-30 21:59:43.409773+03:00
1833.SR,Almawarid Manpower Company,Tadawul,2024,1,2024-03-31,,,,,,2025-09-30 21:59:43.409773+03:00,2025-09-30 21:59:43.409773+03:00
1834.SR,Saudi Manpower Solutions Company,Tadawul,2025,2,2025-06-30,513802449.00,66663320.00,29528439.00,26949071.00,25651961.00,2025-09-30 21:59:48.040454+03:00,2025-09-30 21:59:48.040454+03:00
1834.SR,Saudi Manpower Solutions Company,Tadawul,2025,1,2025-03-31,497997358.00,69490737.00,40485571.00,21798430.00,20462588.00,2025-09-30 21:59:48.040454+03:00,2025-09-30 21:59:48.040454+03:00
1834.SR,Saudi Manpower Solutions Company,Tadawul,2024,4,2024-12-31,475594731.00,47570572.00,23337556.00,52740735.00,54981703.00,2025-09-30 21:59:48.040454+03:00,2025-09-30 21:59:48.040454+03:00
1834.SR,Saudi Manpower Solutions Company,Tadawul,2024,3,2024-09-30,463474926.00,51347365.00,28998024.00,31119643.00,28942854.00,2025-09-30 21:59:48.040454+03:00,2025-09-30 21:59:48.040454+03:00
1834.SR,Saudi Manpower Solutions Company,Tadawul,2024,2,2024-06-30,476617747.00,52270900.00,35817360.00,55640375.00,42094177.00,2025-09-30 21:59:48.040454+03:00,2025-09-30 21:59:48.040454+03:00
1834.SR,Saudi Manpower Solutions Company,Tadawul,2024,1,2024-03-31,,,,,,2025-09-30 21:59:48.040454+03:00,2025-09-30 21:59:48.040454+03:00
1835.SR,Tamkeen Human Resources Company,Tadawul,2025,2,2025-06-30,265191033.00,46599751.00,26699332.00,46773562.00,44514149.00,2025-09-30 21:59:39.125635+03:00,2025-09-30 21:59:39.125635+03:00
1835.SR,Tamkeen Human Resources Company,Tadawul,2025,1,2025-03-31,242816370.00,49033786.00,25626120.00,231327.00,-497062.00,2025-09-30 21:59:39.125635+03:00,2025-09-30 21:59:39.125635+03:00
1835.SR,Tamkeen Human Resources Company,Tadawul,2024,2,2024-06-30,169308032.00,32353560.00,18649801.00,-7404229.00,-9710028.00,2025-09-30 21:59:39.125635+03:00,2025-09-30 21:59:39.125635+03:00
1835.SR,Tamkeen Human Resources Company,Tadawul,2024,1,2024-03-31,145371960.00,30530528.00,18570591.00,22249874.00,16525731.00,2025-09-30 21:59:39.125635+03:00,2025-09-30 21:59:39.125635+03:00
2001.SR,Methanol Chemicals Company,Tadawul,2025,2,2025-06-30,152379624.00,1240040.00,-427262904.00,15272854.00,13717770.00,2025-09-30 21:56:26.608969+03:00,2025-09-30 21:56:26.608969+03:00
2001.SR,Methanol Chemicals Company,Tadawul,2025,1,2025-03-31,167896020.00,15442743.00,-40466675.00,1106569.00,-6209845.00,2025-09-30 21:56:26.608969+03:00,2025-09-30 21:56:26.608969+03:00
2001.SR,Methanol Chemicals Company,Tadawul,2024,4,2024-12-31,178875608.00,22103843.00,-209292973.00,-45104687.00,-55586613.00,2025-09-30 21:56:26.608969+03:00,2025-09-30 21:56:26.608969+03:00
2001.SR,Methanol Chemicals Company,Tadawul,2024,3,2024-09-30,179335336.00,27755005.00,-24431715.00,13550386.00,2428915.00,2025-09-30 21:56:26.608969+03:00,2025-09-30 21:56:26.608969+03:00
2001.SR,Methanol Chemicals Company,Tadawul,2024,2,2024-06-30,169042848.00,24526279.00,-28283661.00,-2591633.00,-5450157.00,2025-09-30 21:56:26.608969+03:00,2025-09-30 21:56:26.608969+03:00
2001.SR,Methanol Chemicals Company,Tadawul,2024,1,2024-03-31,,,,,,2025-09-30 21:56:26.608969+03:00,2025-09-30 21:56:26.608969+03:00
2010.SR,Saudi Basic Industries Corporation,Tadawul,2025,2,2025-06-30,35565517000.00,4416131000.00,-4066106000.00,3201292000.00,866783000.00,2025-09-30 21:56:31.152500+03:00,2025-09-30 21:56:31.152500+03:00
2010.SR,Saudi Basic Industries Corporation,Tadawul,2025,1,2025-03-31,34594245000.00,4808720000.00,-1210795000.00,150778000.00,-1350130000.00,2025-09-30 21:56:31.152500+03:00,2025-09-30 21:56:31.152500+03:00
2010.SR,Saudi Basic Industries Corporation,Tadawul,2024,4,2024-12-31,34695932000.00,5567894000.00,-1894830000.00,6957779000.00,4022905000.00,2025-09-30 21:56:31.152500+03:00,2025-09-30 21:56:31.152500+03:00
2010.SR,Saudi Basic Industries Corporation,Tadawul,2024,3,2024-09-30,36880147000.00,6999696000.00,1003624000.00,6554175000.00,3922421000.00,2025-09-30 21:56:31.152500+03:00,2025-09-30 21:56:31.152500+03:00
2010.SR,Saudi Basic Industries Corporation,Tadawul,2024,2,2024-06-30,35718598000.00,7193815000.00,2183526000.00,629289000.00,-1441439000.00,2025-09-30 21:56:31.152500+03:00,2025-09-30 21:56:31.152500+03:00
2010.SR,Saudi Basic Industries Corporation,Tadawul,2024,1,2024-03-31,,,,,,2025-09-30 21:56:31.152500+03:00,2025-09-30 21:56:31.152500+03:00
2020.SR,SABIC Agri-Nutrients Company,Tadawul,2025,2,2025-06-30,3287449000.00,1266945000.00,1059736000.00,1099536000.00,945788000.00,2025-09-30 21:56:35.523294+03:00,2025-09-30 21:56:35.523294+03:00
2020.SR,SABIC Agri-Nutrients Company,Tadawul,2025,1,2025-03-31,3073945000.00,1165393000.00,984580000.00,737061000.00,643147000.00,2025-09-30 21:56:35.523294+03:00,2025-09-30 21:56:35.523294+03:00
2020.SR,SABIC Agri-Nutrients Company,Tadawul,2024,4,2024-12-31,3017641000.00,1113397000.00,954438000.00,1266669000.00,967624000.00,2025-09-30 21:56:35.523294+03:00,2025-09-30 21:56:35.523294+03:00
2020.SR,SABIC Agri-Nutrients Company,Tadawul,2024,3,2024-09-30,2850070000.00,1072302000.00,826515000.00,1326717000.00,1123407000.00,2025-09-30 21:56:35.523294+03:00,2025-09-30 21:56:35.523294+03:00
2020.SR,SABIC Agri-Nutrients Company,Tadawul,2024,2,2024-06-30,2676112000.00,901668000.00,705344000.00,304603000.00,162217000.00,2025-09-30 21:56:35.523294+03:00,2025-09-30 21:56:35.523294+03:00
2020.SR,SABIC Agri-Nutrients Company,Tadawul,2024,1,2024-03-31,,,,,,2025-09-30 21:56:35.523294+03:00,2025-09-30 21:56:35.523294+03:00
2030.SR,Saudi Arabian Refineries Company,Tadawul,2025,2,2025-06-30,556210.00,,-25797930.00,-345244.00,-350178.00,2025-09-30 21:50:45.394819+03:00,2025-09-30 21:50:45.394819+03:00
2030.SR,Saudi Arabian Refineries Company,Tadawul,2025,1,2025-03-31,2241647.00,,2080507.00,-2521858.00,-3004751.00,2025-09-30 21:50:45.394819+03:00,2025-09-30 21:50:45.394819+03:00
2030.SR,Saudi Arabian Refineries Company,Tadawul,2024,4,2024-12-31,1282534.00,,-36482133.00,-2480435.00,-2485456.00,2025-09-30 21:50:45.394819+03:00,2025-09-30 21:50:45.394819+03:00
2030.SR,Saudi Arabian Refineries Company,Tadawul,2024,3,2024-09-30,8227307.00,,-14391772.00,5417602.00,5412082.00,2025-09-30 21:50:45.394819+03:00,2025-09-30 21:50:45.394819+03:00
2030.SR,Saudi Arabian Refineries Company,Tadawul,2024,2,2024-06-30,20795.00,,-2036324.00,-1557456.00,-1565688.00,2025-09-30 21:50:45.394819+03:00,2025-09-30 21:50:45.394819+03:00
2030.SR,Saudi Arabian Refineries Company,Tadawul,2024,1,2024-03-31,,,,,,2025-09-30 21:50:45.394819+03:00,2025-09-30 21:50:45.394819+03:00
2040.SR,Saudi Ceramic Company,Tadawul,2025,2,2025-06-30,290126000.00,71263000.00,112796000.00,-13390000.00,-36442000.00,2025-09-30 21:58:55.441184+03:00,2025-09-30 21:58:55.441184+03:00
2040.SR,Saudi Ceramic Company,Tadawul,2025,1,2025-03-31,384603000.00,101621000.00,21121000.00,17979000.00,-2709000.00,2025-09-30 21:58:55.441184+03:00,2025-09-30 21:58:55.441184+03:00
2040.SR,Saudi Ceramic Company,Tadawul,2024,4,2024-12-31,382307000.00,35550000.00,-82638000.00,142631000.00,79163000.00,2025-09-30 21:58:55.441184+03:00,2025-09-30 21:58:55.441184+03:00
2040.SR,Saudi Ceramic Company,Tadawul,2024,3,2024-09-30,344573000.00,73240000.00,6031000.00,51812000.00,-17370000.00,2025-09-30 21:58:55.441184+03:00,2025-09-30 21:58:55.441184+03:00
2040.SR,Saudi Ceramic Company,Tadawul,2024,2,2024-06-30,276151000.00,62611000.00,-10817000.00,35931000.00,-8158000.00,2025-09-30 21:58:55.441184+03:00,2025-09-30 21:58:55.441184+03:00
2040.SR,Saudi Ceramic Company,Tadawul,2024,1,2024-03-31,,,,,,2025-09-30 21:58:55.441184+03:00,2025-09-30 21:58:55.441184+03:00
2040.SR,Saudi Ceramic Company,Tadawul,2023,4,2023-12-31,,,,,,2025-09-30 21:58:55.441184+03:00,2025-09-30 21:58:55.441184+03:00
2050.SR,Savola Group Company,Tadawul,2025,2,2025-06-30,6061629000.00,1220986000.00,105700000.00,-369486000.00,-568959000.00,2025-09-30 22:19:13.354893+03:00,2025-09-30 22:19:13.354893+03:00
2050.SR,Savola Group Company,Tadawul,2025,1,2025-03-31,7597286000.00,1426211000.00,189158000.00,136800000.00,-18591000.00,2025-09-30 22:19:13.354893+03:00,2025-09-30 22:19:13.354893+03:00
2050.SR,Savola Group Company,Tadawul,2024,4,2024-12-31,4768990000.00,927004000.00,9309145000.00,203479000.00,-45728000.00,2025-09-30 22:19:13.354893+03:00,2025-09-30 22:19:13.354893+03:00
2050.SR,Savola Group Company,Tadawul,2024,3,2024-09-30,6060821000.00,1196501000.00,181020000.00,1048614000.00,862979000.00,2025-09-30 22:19:13.354893+03:00,2025-09-30 22:19:13.354893+03:00
2050.SR,Savola Group Company,Tadawul,2024,2,2024-06-30,5130001000.00,1132972000.00,135392000.00,-454149000.00,-625004000.00,2025-09-30 22:19:13.354893+03:00,2025-09-30 22:19:13.354893+03:00
2050.SR,Savola Group Company,Tadawul,2024,1,2024-03-31,,,,,,2025-09-30 22:19:13.354893+03:00,2025-09-30 22:19:13.354893+03:00
2050.SR,Savola Group Company,Tadawul,2023,4,2023-12-31,,,,,,2025-09-30 22:19:13.354893+03:00,2025-09-30 22:19:13.354893+03:00
2060.SR,National Industrialization Company,Tadawul,2025,2,2025-06-30,808912000.00,122105000.00,-65823000.00,84138000.00,-10617000.00,2025-09-30 21:56:39.865056+03:00,2025-09-30 21:56:39.865056+03:00
2060.SR,National Industrialization Company,Tadawul,2025,1,2025-03-31,862650000.00,69307000.00,895808000.00,-117378000.00,-261604000.00,2025-09-30 21:56:39.865056+03:00,2025-09-30 21:56:39.865056+03:00
2060.SR,National Industrialization Company,Tadawul,2024,4,2024-12-31,1102942000.00,4618000.00,32967000.00,-84083000.00,-141808000.00,2025-09-30 21:56:39.865056+03:00,2025-09-30 21:56:39.865056+03:00
2060.SR,National Industrialization Company,Tadawul,2024,3,2024-09-30,1029251000.00,106879000.00,89045000.00,334472000.00,624161000.00,2025-09-30 21:56:39.865056+03:00,2025-09-30 21:56:39.865056+03:00
2060.SR,National Industrialization Company,Tadawul,2024,2,2024-06-30,1007069000.00,94855000.00,52842000.00,-297111000.00,-680470000.00,2025-09-30 21:56:39.865056+03:00,2025-09-30 21:56:39.865056+03:00
2060.SR,National Industrialization Company,Tadawul,2024,1,2024-03-31,,,,,,2025-09-30 21:56:39.865056+03:00,2025-09-30 21:56:39.865056+03:00
2070.SR,Saudi Pharmaceutical Industries and Medical Appliances Corporation,Tadawul,2025,2,2025-06-30,400759000.00,194076000.00,32626000.00,91699000.00,74979000.00,2025-09-30 22:20:34.376524+03:00,2025-09-30 22:20:34.376524+03:00
2070.SR,Saudi Pharmaceutical Industries and Medical Appliances Corporation,Tadawul,2025,1,2025-03-31,484843000.00,228895000.00,70825000.00,18437000.00,844000.00,2025-09-30 22:20:34.376524+03:00,2025-09-30 22:20:34.376524+03:00
2070.SR,Saudi Pharmaceutical Industries and Medical Appliances Corporation,Tadawul,2024,4,2024-12-31,386201000.00,190769000.00,-36164000.00,253438000.00,216363000.00,2025-09-30 22:20:34.376524+03:00,2025-09-30 22:20:34.376524+03:00
2070.SR,Saudi Pharmaceutical Industries and Medical Appliances Corporation,Tadawul,2024,3,2024-09-30,447018000.00,216642000.00,-8029000.00,-371810000.00,-378322000.00,2025-09-30 22:20:34.376524+03:00,2025-09-30 22:20:34.376524+03:00
2070.SR,Saudi Pharmaceutical Industries and Medical Appliances Corporation,Tadawul,2024,2,2024-06-30,373495000.00,176128000.00,17098000.00,-150494000.00,-186308000.00,2025-09-30 22:20:34.376524+03:00,2025-09-30 22:20:34.376524+03:00
2070.SR,Saudi Pharmaceutical Industries and Medical Appliances Corporation,Tadawul,2024,1,2024-03-31,,,,,,2025-09-30 22:20:34.376524+03:00,2025-09-30 22:20:34.376524+03:00
2070.SR,Saudi Pharmaceutical Industries and Medical Appliances Corporation,Tadawul,2023,4,2023-12-31,,,,,,2025-09-30 22:20:34.376524+03:00,2025-09-30 22:20:34.376524+03:00
2080.SR,National Gas and Industrialization Company,Tadawul,2025,2,2025-06-30,735261756.00,99536793.00,53913169.00,28443737.00,-23131105.00,2025-09-30 22:24:26.776456+03:00,2025-09-30 22:24:26.776456+03:00
2080.SR,National Gas and Industrialization Company,Tadawul,2025,1,2025-03-31,834690867.00,112442387.00,61955701.00,47075829.00,14362204.00,2025-09-30 22:24:26.776456+03:00,2025-09-30 22:24:26.776456+03:00
2080.SR,National Gas and Industrialization Company,Tadawul,2024,4,2024-12-31,797642431.00,96150888.00,60075456.00,55583796.00,9079956.00,2025-09-30 22:24:26.776456+03:00,2025-09-30 22:24:26.776456+03:00
2080.SR,National Gas and Industrialization Company,Tadawul,2024,3,2024-09-30,720121190.00,86513704.00,52071041.00,84619181.00,-18555166.00,2025-09-30 22:24:26.776456+03:00,2025-09-30 22:24:26.776456+03:00
2080.SR,National Gas and Industrialization Company,Tadawul,2024,2,2024-06-30,640952865.00,75633654.00,57996955.00,-16426713.00,-72596027.00,2025-09-30 22:24:26.776456+03:00,2025-09-30 22:24:26.776456+03:00
2080.SR,National Gas and Industrialization Company,Tadawul,2024,1,2024-03-31,,,,,,2025-09-30 22:24:26.776456+03:00,2025-09-30 22:24:26.776456+03:00
2081.SR,Alkhorayef Water and Power Technologies Company,Tadawul,2025,2,2025-06-30,645975917.00,118451759.00,61655662.00,14886028.00,-3899330.00,2025-09-30 22:24:35.562281+03:00,2025-09-30 22:24:35.562281+03:00
2081.SR,Alkhorayef Water and Power Technologies Company,Tadawul,2025,1,2025-03-31,636349970.00,101156754.00,58153933.00,-252003185.00,-255697109.00,2025-09-30 22:24:35.562281+03:00,2025-09-30 22:24:35.562281+03:00
2081.SR,Alkhorayef Water and Power Technologies Company,Tadawul,2024,4,2024-12-31,609677628.00,102446943.00,69866536.00,-207028625.00,-245700464.00,2025-09-30 22:24:35.562281+03:00,2025-09-30 22:24:35.562281+03:00
2081.SR,Alkhorayef Water and Power Technologies Company,Tadawul,2024,3,2024-09-30,450783054.00,83458633.00,40187089.00,313190300.00,295012014.00,2025-09-30 22:24:35.562281+03:00,2025-09-30 22:24:35.562281+03:00
2081.SR,Alkhorayef Water and Power Technologies Company,Tadawul,2024,2,2024-06-30,433529741.00,119591886.00,76886794.00,6147732.00,-3050357.00,2025-09-30 22:24:35.562281+03:00,2025-09-30 22:24:35.562281+03:00
2081.SR,Alkhorayef Water and Power Technologies Company,Tadawul,2024,1,2024-03-31,,,,,,2025-09-30 22:24:35.562281+03:00,2025-09-30 22:24:35.562281+03:00
2081.SR,Alkhorayef Water and Power Technologies Company,Tadawul,2023,4,2023-12-31,,,,,,2025-09-30 22:24:35.562281+03:00,2025-09-30 22:24:35.562281+03:00
2082.SR,ACWA Power Company,Tadawul,2025,2,2025-06-30,1747464000.00,714132000.00,481826000.00,603779000.00,-629313000.00,2025-09-30 22:24:39.879666+03:00,2025-09-30 22:24:39.879666+03:00
2082.SR,ACWA Power Company,Tadawul,2025,1,2025-03-31,1967235000.00,1100844000.00,427152000.00,719356000.00,-112089000.00,2025-09-30 22:24:39.879666+03:00,2025-09-30 22:24:39.879666+03:00
2082.SR,ACWA Power Company,Tadawul,2024,4,2024-12-31,1735533000.00,873342000.00,502167000.00,1883959000.00,-203231000.00,2025-09-30 22:24:39.879666+03:00,2025-09-30 22:24:39.879666+03:00
2082.SR,ACWA Power Company,Tadawul,2024,3,2024-09-30,1747440000.00,999788000.00,328099000.00,285167000.00,-1208000.00,2025-09-30 22:24:39.879666+03:00,2025-09-30 22:24:39.879666+03:00
2082.SR,ACWA Power Company,Tadawul,2024,2,2024-06-30,1562568000.00,836907000.00,630620000.00,747012000.00,-502251000.00,2025-09-30 22:24:39.879666+03:00,2025-09-30 22:24:39.879666+03:00
2082.SR,ACWA Power Company,Tadawul,2024,1,2024-03-31,,,,,,2025-09-30 22:24:39.879666+03:00,2025-09-30 22:24:39.879666+03:00
2082.SR,ACWA Power Company,Tadawul,2023,4,2023-12-31,,,,,,2025-09-30 22:24:39.879666+03:00,2025-09-30 22:24:39.879666+03:00
2083.SR,Power and Water Utility Company for Jubail and Yanbu,Tadawul,2025,2,2025-06-30,1402656000.00,-151732000.00,109601000.00,280843000.00,202159000.00,2025-09-30 22:24:44.184293+03:00,2025-09-30 22:24:44.184293+03:00
2083.SR,Power and Water Utility Company for Jubail and Yanbu,Tadawul,2025,1,2025-03-31,1703948000.00,318614000.00,117938000.00,228833000.00,155165000.00,2025-09-30 22:24:44.184293+03:00,2025-09-30 22:24:44.184293+03:00
2083.SR,Power and Water Utility Company for Jubail and Yanbu,Tadawul,2024,4,2024-12-31,1707099000.00,781489000.00,-276963000.00,1447821000.00,1291694000.00,2025-09-30 22:24:44.184293+03:00,2025-09-30 22:24:44.184293+03:00
2083.SR,Power and Water Utility Company for Jubail and Yanbu,Tadawul,2024,3,2024-09-30,1856806000.00,304083000.00,185982000.00,265261000.00,157252000.00,2025-09-30 22:24:44.184293+03:00,2025-09-30 22:24:44.184293+03:00
2083.SR,Power and Water Utility Company for Jubail and Yanbu,Tadawul,2024,2,2024-06-30,1720089000.00,389108000.00,93080000.00,490076000.00,372972000.00,2025-09-30 22:24:44.184293+03:00,2025-09-30 22:24:44.184293+03:00
2083.SR,Power and Water Utility Company for Jubail and Yanbu,Tadawul,2024,1,2024-03-31,,,,,,2025-09-30 22:24:44.184293+03:00,2025-09-30 22:24:44.184293+03:00
2084.SR,Miahona Company Limited,Tadawul,2025,2,2025-06-30,186560822.00,20662124.00,7351586.00,-7870353.00,-12067324.00,2025-09-30 22:24:48.491666+03:00,2025-09-30 22:24:48.491666+03:00
2084.SR,Miahona Company Limited,Tadawul,2025,1,2025-03-31,175172189.00,61795173.00,61427654.00,78428771.00,72908388.00,2025-09-30 22:24:48.491666+03:00,2025-09-30 22:24:48.491666+03:00
2084.SR,Miahona Company Limited,Tadawul,2024,4,2024-12-31,137009733.00,12629416.00,-3410251.00,47422652.00,42056853.00,2025-09-30 22:24:48.491666+03:00,2025-09-30 22:24:48.491666+03:00
2084.SR,Miahona Company Limited,Tadawul,2024,3,2024-09-30,88483460.00,24571384.00,16536528.00,36164849.00,51592015.00,2025-09-30 22:24:48.491666+03:00,2025-09-30 22:24:48.491666+03:00
2084.SR,Miahona Company Limited,Tadawul,2024,2,2024-06-30,70240479.00,15326114.00,7925646.00,6275117.00,-1058270.00,2025-09-30 22:24:48.491666+03:00,2025-09-30 22:24:48.491666+03:00
2084.SR,Miahona Company Limited,Tadawul,2024,1,2024-03-31,,,,,,2025-09-30 22:24:48.491666+03:00,2025-09-30 22:24:48.491666+03:00
2090.SR,National Gypsum Company,Tadawul,2025,2,2025-06-30,16173303.00,979448.00,389976.00,1505808.00,-7562614.00,2025-09-30 21:55:47.029321+03:00,2025-09-30 21:55:47.029321+03:00
2090.SR,National Gypsum Company,Tadawul,2025,1,2025-03-31,16753185.00,3272650.00,1320485.00,-17577493.00,-24126454.00,2025-09-30 21:55:47.029321+03:00,2025-09-30 21:55:47.029321+03:00
2090.SR,National Gypsum Company,Tadawul,2024,4,2024-12-31,13321996.00,-539244.00,-4536877.00,34216161.00,-1345161.00,2025-09-30 21:55:47.029321+03:00,2025-09-30 21:55:47.029321+03:00
2090.SR,National Gypsum Company,Tadawul,2024,3,2024-09-30,17100938.00,2718954.00,-9847183.00,-14208997.00,-19504249.00,2025-09-30 21:55:47.029321+03:00,2025-09-30 21:55:47.029321+03:00
2090.SR,National Gypsum Company,Tadawul,2024,2,2024-06-30,16049710.00,2899345.00,901222.00,-12427037.00,-16220045.00,2025-09-30 21:55:47.029321+03:00,2025-09-30 21:55:47.029321+03:00
2090.SR,National Gypsum Company,Tadawul,2024,1,2024-03-31,,,,,,2025-09-30 21:55:47.029321+03:00,2025-09-30 21:55:47.029321+03:00
2090.SR,National Gypsum Company,Tadawul,2023,4,2023-12-31,,,,,,2025-09-30 21:55:47.029321+03:00,2025-09-30 21:55:47.029321+03:00
2100.SR,Wafrah for Industry and Development Company,Tadawul,2025,2,2025-06-30,12439356.00,-2532012.00,-15472125.00,3029689.00,238119.00,2025-09-30 22:19:17.830542+03:00,2025-09-30 22:19:17.830542+03:00
2100.SR,Wafrah for Industry and Development Company,Tadawul,2025,1,2025-03-31,57493427.00,16477662.00,4473830.00,-1339147.00,-4744762.00,2025-09-30 22:19:17.830542+03:00,2025-09-30 22:19:17.830542+03:00
2100.SR,Wafrah for Industry and Development Company,Tadawul,2024,4,2024-12-31,34081022.00,7078724.00,-13538722.00,2985049.00,-3925734.00,2025-09-30 22:19:17.830542+03:00,2025-09-30 22:19:17.830542+03:00
2100.SR,Wafrah for Industry and Development Company,Tadawul,2024,3,2024-09-30,41660711.00,12579312.00,1840800.00,-1984469.00,-4988257.00,2025-09-30 22:19:17.830542+03:00,2025-09-30 22:19:17.830542+03:00
2100.SR,Wafrah for Industry and Development Company,Tadawul,2024,2,2024-06-30,31762215.00,9310867.00,6094819.00,-12436812.00,-14949828.00,2025-09-30 22:19:17.830542+03:00,2025-09-30 22:19:17.830542+03:00
2100.SR,Wafrah for Industry and Development Company,Tadawul,2024,1,2024-03-31,,,,,,2025-09-30 22:19:17.830542+03:00,2025-09-30 22:19:17.830542+03:00
2110.SR,Saudi Cable Company,Tadawul,2025,2,2025-06-30,30191000.00,-14627000.00,18228000.00,-6611000.00,-9380000.00,2025-09-30 21:58:51.117084+03:00,2025-09-30 21:58:51.117084+03:00
2110.SR,Saudi Cable Company,Tadawul,2025,1,2025-03-31,44106000.00,-4249000.00,46658000.00,-70564000.00,-71070000.00,2025-09-30 21:58:51.117084+03:00,2025-09-30 21:58:51.117084+03:00
2110.SR,Saudi Cable Company,Tadawul,2024,4,2024-12-31,14118000.00,7080000.00,5791000.00,7846000.00,10289000.00,2025-09-30 21:58:51.117084+03:00,2025-09-30 21:58:51.117084+03:00
2110.SR,Saudi Cable Company,Tadawul,2024,3,2024-09-30,7271000.00,-6438000.00,17195000.00,-4655000.00,-5082000.00,2025-09-30 21:58:51.117084+03:00,2025-09-30 21:58:51.117084+03:00
2110.SR,Saudi Cable Company,Tadawul,2024,2,2024-06-30,10118000.00,-8964000.00,11868000.00,-2276000.00,-2975000.00,2025-09-30 21:58:51.117084+03:00,2025-09-30 21:58:51.117084+03:00
2110.SR,Saudi Cable Company,Tadawul,2024,1,2024-03-31,,,,,,2025-09-30 21:58:51.117084+03:00,2025-09-30 21:58:51.117084+03:00
2120.SR,Saudi Advanced Industries Company,Tadawul,2025,2,2025-06-30,-106316224.00,-106316224.00,-115393193.00,41814943.00,41778103.00,2025-09-30 22:22:01.514105+03:00,2025-09-30 22:22:01.514105+03:00
2120.SR,Saudi Advanced Industries Company,Tadawul,2025,1,2025-03-31,15199428.00,15199428.00,5249937.00,-36540184.00,-36540184.00,2025-09-30 22:22:01.514105+03:00,2025-09-30 22:22:01.514105+03:00
2120.SR,Saudi Advanced Industries Company,Tadawul,2024,4,2024-12-31,19243584.00,,9880912.00,4739303.00,2080241.00,2025-09-30 22:22:01.514105+03:00,2025-09-30 22:22:01.514105+03:00
2120.SR,Saudi Advanced Industries Company,Tadawul,2024,3,2024-09-30,81705727.00,81705727.00,67944692.00,12778546.00,10892131.00,2025-09-30 22:22:01.514105+03:00,2025-09-30 22:22:01.514105+03:00
2120.SR,Saudi Advanced Industries Company,Tadawul,2024,2,2024-06-30,119601304.00,119601304.00,108516182.00,69801033.00,56796770.00,2025-09-30 22:22:01.514105+03:00,2025-09-30 22:22:01.514105+03:00
2120.SR,Saudi Advanced Industries Company,Tadawul,2024,1,2024-03-31,,121886896.00,,,,2025-09-30 22:22:01.514105+03:00,2025-09-30 22:22:01.514105+03:00
2130.SR,Saudi Industrial Development Co.,Tadawul,2025,2,2025-06-30,28069971.00,4934267.00,-8299450.00,-4498894.00,-10867214.00,2025-09-30 22:00:44.843416+03:00,2025-09-30 22:00:44.843416+03:00
2130.SR,Saudi Industrial Development Co.,Tadawul,2025,1,2025-03-31,24159584.00,3010613.00,-9443176.00,-3559260.00,-3848546.00,2025-09-30 22:00:44.843416+03:00,2025-09-30 22:00:44.843416+03:00
2130.SR,Saudi Industrial Development Co.,Tadawul,2024,4,2024-12-31,38095908.00,8815457.00,3164831.00,-5153788.00,-5573237.00,2025-09-30 22:00:44.843416+03:00,2025-09-30 22:00:44.843416+03:00
2130.SR,Saudi Industrial Development Co.,Tadawul,2024,3,2024-09-30,27587189.00,5760250.00,-11425966.00,-15153105.00,-15984607.00,2025-09-30 22:00:44.843416+03:00,2025-09-30 22:00:44.843416+03:00
2130.SR,Saudi Industrial Development Co.,Tadawul,2024,2,2024-06-30,28810093.00,3456971.00,-7438712.00,-3050345.00,-3784827.00,2025-09-30 22:00:44.843416+03:00,2025-09-30 22:00:44.843416+03:00
2130.SR,Saudi Industrial Development Co.,Tadawul,2024,1,2024-03-31,,,,,,2025-09-30 22:00:44.843416+03:00,2025-09-30 22:00:44.843416+03:00
2130.SR,Saudi Industrial Development Co.,Tadawul,2023,4,2023-12-31,,,,,,2025-09-30 22:00:44.843416+03:00,2025-09-30 22:00:44.843416+03:00
2140.SR,Ayyan Investment Company,Tadawul,2025,2,2025-06-30,2033517.00,32650.00,17788907.00,-1617893.00,-4037506.00,2025-09-30 22:19:40.050195+03:00,2025-09-30 22:19:40.050195+03:00
2140.SR,Ayyan Investment Company,Tadawul,2025,1,2025-03-31,2524862.00,304873.00,367362461.00,-26092910.00,-28305301.00,2025-09-30 22:19:40.050195+03:00,2025-09-30 22:19:40.050195+03:00
2140.SR,Ayyan Investment Company,Tadawul,2024,4,2024-12-31,3162144.00,882777.00,-25771301.00,-1031096.00,-14712767.00,2025-09-30 22:19:40.050195+03:00,2025-09-30 22:19:40.050195+03:00
2140.SR,Ayyan Investment Company,Tadawul,2024,3,2024-09-30,3249009.00,338431.00,-34682139.00,-159753873.00,-171581922.00,2025-09-30 22:19:40.050195+03:00,2025-09-30 22:19:40.050195+03:00
2140.SR,Ayyan Investment Company,Tadawul,2024,2,2024-06-30,3860619.00,439047.00,-48302358.00,-19503310.00,-28348026.00,2025-09-30 22:19:40.050195+03:00,2025-09-30 22:19:40.050195+03:00
2140.SR,Ayyan Investment Company,Tadawul,2024,1,2024-03-31,,,,,,2025-09-30 22:19:40.050195+03:00,2025-09-30 22:19:40.050195+03:00
2150.SR,The National Company for Glass Industries,Tadawul,2025,2,2025-06-30,31062215.00,5006142.00,20006919.00,-5697170.00,-8507378.00,2025-09-30 21:51:11.355871+03:00,2025-09-30 21:51:11.355871+03:00
2150.SR,The National Company for Glass Industries,Tadawul,2025,1,2025-03-31,34278863.00,7318645.00,18100413.00,190510.00,-8078877.00,2025-09-30 21:51:11.355871+03:00,2025-09-30 21:51:11.355871+03:00
2150.SR,The National Company for Glass Industries,Tadawul,2024,4,2024-12-31,36893925.00,10162461.00,22001500.00,-5988224.00,-35356079.00,2025-09-30 21:51:11.355871+03:00,2025-09-30 21:51:11.355871+03:00
2150.SR,The National Company for Glass Industries,Tadawul,2024,3,2024-09-30,36143863.00,9335487.00,25153421.00,30127525.00,12223059.00,2025-09-30 21:51:11.355871+03:00,2025-09-30 21:51:11.355871+03:00
2150.SR,The National Company for Glass Industries,Tadawul,2024,2,2024-06-30,34252946.00,7096375.00,26732852.00,7538577.00,-2729453.00,2025-09-30 21:51:11.355871+03:00,2025-09-30 21:51:11.355871+03:00
2150.SR,The National Company for Glass Industries,Tadawul,2024,1,2024-03-31,,,,,,2025-09-30 21:51:11.355871+03:00,2025-09-30 21:51:11.355871+03:00
2150.SR,The National Company for Glass Industries,Tadawul,2023,4,2023-12-31,,,,,,2025-09-30 21:51:11.355871+03:00,2025-09-30 21:51:11.355871+03:00
2160.SR,The Saudi Arabian Amiantit Company,Tadawul,2025,2,2025-06-30,168235000.00,4075000.00,-20278000.00,-5328000.00,-8516000.00,2025-09-30 21:58:46.801000+03:00,2025-09-30 21:58:46.801000+03:00
2160.SR,The Saudi Arabian Amiantit Company,Tadawul,2025,1,2025-03-31,182766000.00,13207000.00,10660000.00,-9440000.00,-12138000.00,2025-09-30 21:58:46.801000+03:00,2025-09-30 21:58:46.801000+03:00
2160.SR,The Saudi Arabian Amiantit Company,Tadawul,2024,4,2024-12-31,236003000.00,20673000.00,-52458000.00,15913000.00,9183000.00,2025-09-30 21:58:46.801000+03:00,2025-09-30 21:58:46.801000+03:00
2160.SR,The Saudi Arabian Amiantit Company,Tadawul,2024,3,2024-09-30,216835000.00,32335000.00,12674000.00,29586000.00,26461000.00,2025-09-30 21:58:46.801000+03:00,2025-09-30 21:58:46.801000+03:00
2160.SR,The Saudi Arabian Amiantit Company,Tadawul,2024,2,2024-06-30,195269000.00,27351000.00,5114000.00,-88590000.00,-92943000.00,2025-09-30 21:58:46.801000+03:00,2025-09-30 21:58:46.801000+03:00
2160.SR,The Saudi Arabian Amiantit Company,Tadawul,2024,1,2024-03-31,,,,,,2025-09-30 21:58:46.801000+03:00,2025-09-30 21:58:46.801000+03:00
2170.SR,Alujain Corporation,Tadawul,2025,2,2025-06-30,342902000.00,30550000.00,12425000.00,80685000.00,-48214000.00,2025-09-30 21:56:44.355027+03:00,2025-09-30 21:56:44.355027+03:00
2170.SR,Alujain Corporation,Tadawul,2025,1,2025-03-31,267655000.00,-13048000.00,-17226000.00,-11895000.00,-181382000.00,2025-09-30 21:56:44.355027+03:00,2025-09-30 21:56:44.355027+03:00
2170.SR,Alujain Corporation,Tadawul,2024,4,2024-12-31,358140000.00,18976000.00,-116771000.00,-3484000.00,-226344000.00,2025-09-30 21:56:44.355027+03:00,2025-09-30 21:56:44.355027+03:00
2170.SR,Alujain Corporation,Tadawul,2024,3,2024-09-30,338230000.00,59129000.00,45810000.00,77503000.00,-106789000.00,2025-09-30 21:56:44.355027+03:00,2025-09-30 21:56:44.355027+03:00
2170.SR,Alujain Corporation,Tadawul,2024,2,2024-06-30,380752000.00,72606000.00,14634000.00,106897000.00,34229000.00,2025-09-30 21:56:44.355027+03:00,2025-09-30 21:56:44.355027+03:00
2170.SR,Alujain Corporation,Tadawul,2024,1,2024-03-31,,,,,,2025-09-30 21:56:44.355027+03:00,2025-09-30 21:56:44.355027+03:00
2170.SR,Alujain Corporation,Tadawul,2023,4,2023-12-31,,,,,,2025-09-30 21:56:44.355027+03:00,2025-09-30 21:56:44.355027+03:00
2180.SR,Filling and Packing Materials Manufacturing Company,Tadawul,2025,2,2025-06-30,66077904.00,8537539.00,-11524715.00,7911492.00,7703573.00,2025-09-30 21:51:15.628349+03:00,2025-09-30 21:51:15.628349+03:00
2180.SR,Filling and Packing Materials Manufacturing Company,Tadawul,2025,1,2025-03-31,53755085.00,8863910.00,-3607292.00,-25875997.00,-26226281.00,2025-09-30 21:51:15.628349+03:00,2025-09-30 21:51:15.628349+03:00
2180.SR,Filling and Packing Materials Manufacturing Company,Tadawul,2024,4,2024-12-31,67370799.00,7320455.00,-2510391.00,15168653.00,13232251.00,2025-09-30 21:51:15.628349+03:00,2025-09-30 21:51:15.628349+03:00
2180.SR,Filling and Packing Materials Manufacturing Company,Tadawul,2024,3,2024-09-30,59525211.00,11000966.00,298155.00,6167022.00,5896966.00,2025-09-30 21:51:15.628349+03:00,2025-09-30 21:51:15.628349+03:00
2180.SR,Filling and Packing Materials Manufacturing Company,Tadawul,2024,2,2024-06-30,61773614.00,12130161.00,1118180.00,-10254607.00,-10525924.00,2025-09-30 21:51:15.628349+03:00,2025-09-30 21:51:15.628349+03:00
2180.SR,Filling and Packing Materials Manufacturing Company,Tadawul,2024,1,2024-03-31,,,,,,2025-09-30 21:51:15.628349+03:00,2025-09-30 21:51:15.628349+03:00
2180.SR,Filling and Packing Materials Manufacturing Company,Tadawul,2023,4,2023-12-31,,,,,,2025-09-30 21:51:15.628349+03:00,2025-09-30 21:51:15.628349+03:00
2190.SR,Sustained Infrastructure Holding Company,Tadawul,2025,2,2025-06-30,314460231.00,160043420.00,19984793.00,78277207.00,24529177.00,2025-09-30 22:00:22.957587+03:00,2025-09-30 22:00:22.957587+03:00
2190.SR,Sustained Infrastructure Holding Company,Tadawul,2025,1,2025-03-31,351486765.00,182142210.00,24725598.00,64247321.00,18432218.00,2025-09-30 22:00:22.957587+03:00,2025-09-30 22:00:22.957587+03:00
2190.SR,Sustained Infrastructure Holding Company,Tadawul,2024,4,2024-12-31,369139750.00,171829496.00,19321078.00,62039568.00,104958862.00,2025-09-30 22:00:22.957587+03:00,2025-09-30 22:00:22.957587+03:00
2190.SR,Sustained Infrastructure Holding Company,Tadawul,2024,3,2024-09-30,346394711.00,179846088.00,-9427445.00,68303004.00,45413125.00,2025-09-30 22:00:22.957587+03:00,2025-09-30 22:00:22.957587+03:00
2190.SR,Sustained Infrastructure Holding Company,Tadawul,2024,2,2024-06-30,338510752.00,156804433.00,10539652.00,24880093.00,-73727219.00,2025-09-30 22:00:22.957587+03:00,2025-09-30 22:00:22.957587+03:00
2190.SR,Sustained Infrastructure Holding Company,Tadawul,2024,1,2024-03-31,,,,,,2025-09-30 22:00:22.957587+03:00,2025-09-30 22:00:22.957587+03:00
2200.SR,Arabian Pipes Company,Tadawul,2025,2,2025-06-30,254417000.00,62304000.00,34432000.00,79252000.00,77480000.00,2025-09-30 21:55:51.394785+03:00,2025-09-30 21:55:51.394785+03:00
2200.SR,Arabian Pipes Company,Tadawul,2025,1,2025-03-31,248930000.00,63659000.00,40174000.00,96797000.00,92382000.00,2025-09-30 21:55:51.394785+03:00,2025-09-30 21:55:51.394785+03:00
2200.SR,Arabian Pipes Company,Tadawul,2024,4,2024-12-31,167992000.00,38944000.00,12456000.00,94635000.00,90482000.00,2025-09-30 21:55:51.394785+03:00,2025-09-30 21:55:51.394785+03:00
2200.SR,Arabian Pipes Company,Tadawul,2024,3,2024-09-30,318465000.00,63733000.00,43888000.00,36949000.00,35888000.00,2025-09-30 21:55:51.394785+03:00,2025-09-30 21:55:51.394785+03:00
2200.SR,Arabian Pipes Company,Tadawul,2024,2,2024-06-30,345924000.00,88105000.00,57045000.00,-20692000.00,-26160000.00,2025-09-30 21:55:51.394785+03:00,2025-09-30 21:55:51.394785+03:00
2200.SR,Arabian Pipes Company,Tadawul,2024,1,2024-03-31,,,,,,2025-09-30 21:55:51.394785+03:00,2025-09-30 21:55:51.394785+03:00
2200.SR,Arabian Pipes Company,Tadawul,2023,4,2023-12-31,,,,,,2025-09-30 21:55:51.394785+03:00,2025-09-30 21:55:51.394785+03:00
2210.SR,Nama Chemicals Company,Tadawul,2025,2,2025-06-30,27790000.00,-39642000.00,148003000.00,-7374000.00,-17376000.00,2025-09-30 21:56:48.657222+03:00,2025-09-30 21:56:48.657222+03:00
2210.SR,Nama Chemicals Company,Tadawul,2025,1,2025-03-31,66007000.00,-24729000.00,-49524000.00,-735000.00,-2868000.00,2025-09-30 21:56:48.657222+03:00,2025-09-30 21:56:48.657222+03:00
2210.SR,Nama Chemicals Company,Tadawul,2024,4,2024-12-31,97267000.00,-27035000.00,41029000.00,-19462000.00,-20358000.00,2025-09-30 21:56:48.657222+03:00,2025-09-30 21:56:48.657222+03:00
2210.SR,Nama Chemicals Company,Tadawul,2024,3,2024-09-30,96402000.00,-20848000.00,-48077000.00,-5693000.00,-6733000.00,2025-09-30 21:56:48.657222+03:00,2025-09-30 21:56:48.657222+03:00
2210.SR,Nama Chemicals Company,Tadawul,2024,2,2024-06-30,88552000.00,-11293000.00,52947000.00,3667000.00,-672000.00,2025-09-30 21:56:48.657222+03:00,2025-09-30 21:56:48.657222+03:00
2210.SR,Nama Chemicals Company,Tadawul,2024,1,2024-03-31,,,,,,2025-09-30 21:56:48.657222+03:00,2025-09-30 21:56:48.657222+03:00
2220.SR,National Metal Manufacturing and Casting Co.,Tadawul,2025,2,2025-06-30,63872213.00,5958658.00,-5402067.00,4610575.00,-3907658.00,2025-09-30 21:55:20.496544+03:00,2025-09-30 21:55:20.496544+03:00
2220.SR,National Metal Manufacturing and Casting Co.,Tadawul,2025,1,2025-03-31,70141561.00,5814913.00,-3193901.00,-4600713.00,-9370665.00,2025-09-30 21:55:20.496544+03:00,2025-09-30 21:55:20.496544+03:00
2220.SR,National Metal Manufacturing and Casting Co.,Tadawul,2024,4,2024-12-31,55603137.00,8340952.00,-12180836.00,13764007.00,10448567.00,2025-09-30 21:55:20.496544+03:00,2025-09-30 21:55:20.496544+03:00
2220.SR,National Metal Manufacturing and Casting Co.,Tadawul,2024,3,2024-09-30,68351469.00,907164.00,-8944118.00,-17970888.00,-24686755.00,2025-09-30 21:55:20.496544+03:00,2025-09-30 21:55:20.496544+03:00
2220.SR,National Metal Manufacturing and Casting Co.,Tadawul,2024,2,2024-06-30,57035904.00,1018875.00,-11782817.00,-1460189.00,-4030021.00,2025-09-30 21:55:20.496544+03:00,2025-09-30 21:55:20.496544+03:00
2220.SR,National Metal Manufacturing and Casting Co.,Tadawul,2024,1,2024-03-31,,,,,,2025-09-30 21:55:20.496544+03:00,2025-09-30 21:55:20.496544+03:00
2222.SR,Saudi Arabian Oil Company,Tadawul,2025,2,2025-06-30,407142000000.00,190610000000.00,85632000000.00,103284000000.00,57126000000.00,2025-09-30 20:37:29.568083+03:00,2025-09-30 20:37:29.568083+03:00
2222.SR,Saudi Arabian Oil Company,Tadawul,2025,1,2025-03-31,429612000000.00,213363000000.00,95676000000.00,118908000000.00,71849000000.00,2025-09-30 20:37:29.568083+03:00,2025-09-30 20:37:29.568083+03:00
2222.SR,Saudi Arabian Oil Company,Tadawul,2024,4,2024-12-31,428591000000.00,204764000000.00,86756000000.00,134275000000.00,81090000000.00,2025-09-30 20:37:29.568083+03:00,2025-09-30 20:37:29.568083+03:00
2222.SR,Saudi Arabian Oil Company,Tadawul,2024,3,2024-09-30,464625000000.00,214514000000.00,97621000000.00,132058000000.00,82465000000.00,2025-09-30 20:37:29.568083+03:00,2025-09-30 20:37:29.568083+03:00
2222.SR,Saudi Arabian Oil Company,Tadawul,2024,2,2024-06-30,470611000000.00,231044000000.00,106158000000.00,116586000000.00,71095000000.00,2025-09-30 20:37:29.568083+03:00,2025-09-30 20:37:29.568083+03:00
2222.SR,Saudi Arabian Oil Company,Tadawul,2024,1,2024-03-31,,,,,,2025-09-30 20:37:29.568083+03:00,2025-09-30 20:37:29.568083+03:00
2222.SR,Saudi Arabian Oil Company,Tadawul,2023,4,2023-12-31,,,,,,2025-09-30 20:37:29.568083+03:00,2025-09-30 20:37:29.568083+03:00
2223.SR,Saudi Aramco Base Oil Company - Luberef,Tadawul,2025,2,2025-06-30,2249108000.00,320282000.00,245197000.00,58683000.00,-53466000.00,2025-09-30 21:56:22.106624+03:00,2025-09-30 21:56:22.106624+03:00
2223.SR,Saudi Aramco Base Oil Company - Luberef,Tadawul,2025,1,2025-03-31,2127958000.00,287547000.00,221508000.00,400242000.00,291887000.00,2025-09-30 21:56:22.106624+03:00,2025-09-30 21:56:22.106624+03:00
2223.SR,Saudi Aramco Base Oil Company - Luberef,Tadawul,2024,4,2024-12-31,2626789000.00,338584000.00,208210000.00,615314000.00,554415000.00,2025-09-30 21:56:22.106624+03:00,2025-09-30 21:56:22.106624+03:00
2223.SR,Saudi Aramco Base Oil Company - Luberef,Tadawul,2024,3,2024-09-30,2495465000.00,296303000.00,225961000.00,234259000.00,172696000.00,2025-09-30 21:56:22.106624+03:00,2025-09-30 21:56:22.106624+03:00
2223.SR,Saudi Aramco Base Oil Company - Luberef,Tadawul,2024,2,2024-06-30,2728810000.00,386912000.00,298844000.00,813303000.00,767756000.00,2025-09-30 21:56:22.106624+03:00,2025-09-30 21:56:22.106624+03:00
2223.SR,Saudi Aramco Base Oil Company - Luberef,Tadawul,2024,1,2024-03-31,,,,,,2025-09-30 21:56:22.106624+03:00,2025-09-30 21:56:22.106624+03:00
2230.SR,Saudi Chemical Holding Company,Tadawul,2025,2,2025-06-30,1765623000.00,225884000.00,69460000.00,65970000.00,59097000.00,2025-09-30 22:19:44.751507+03:00,2025-09-30 22:19:44.751507+03:00
2230.SR,Saudi Chemical Holding Company,Tadawul,2025,1,2025-03-31,1643717000.00,219975000.00,82328000.00,-116380000.00,-127632000.00,2025-09-30 22:19:44.751507+03:00,2025-09-30 22:19:44.751507+03:00
2230.SR,Saudi Chemical Holding Company,Tadawul,2024,4,2024-12-31,1761682000.00,255176000.00,54082000.00,-100197000.00,-99933000.00,2025-09-30 22:19:44.751507+03:00,2025-09-30 22:19:44.751507+03:00
2230.SR,Saudi Chemical Holding Company,Tadawul,2024,3,2024-09-30,1353614000.00,201796000.00,72993000.00,-141563000.00,-154737000.00,2025-09-30 22:19:44.751507+03:00,2025-09-30 22:19:44.751507+03:00
2230.SR,Saudi Chemical Holding Company,Tadawul,2024,2,2024-06-30,1615025000.00,204584000.00,72711000.00,153309000.00,147191000.00,2025-09-30 22:19:44.751507+03:00,2025-09-30 22:19:44.751507+03:00
2230.SR,Saudi Chemical Holding Company,Tadawul,2024,1,2024-03-31,,,,,,2025-09-30 22:19:44.751507+03:00,2025-09-30 22:19:44.751507+03:00
2240.SR,Zamil Industrial Investment Company,Tadawul,2025,2,2025-06-30,1458654000.00,268051000.00,25278000.00,-92635000.00,-125942000.00,2025-09-30 21:55:55.756469+03:00,2025-09-30 21:55:55.756469+03:00
2240.SR,Zamil Industrial Investment Company,Tadawul,2025,1,2025-03-31,1520038000.00,247967000.00,21813000.00,32380000.00,-5283000.00,2025-09-30 21:55:55.756469+03:00,2025-09-30 21:55:55.756469+03:00
2240.SR,Zamil Industrial Investment Company,Tadawul,2024,4,2024-12-31,1809345000.00,373835000.00,8227000.00,36422000.00,-7150000.00,2025-09-30 21:55:55.756469+03:00,2025-09-30 21:55:55.756469+03:00
2240.SR,Zamil Industrial Investment Company,Tadawul,2024,3,2024-09-30,1641454000.00,272121000.00,7053000.00,47826000.00,21365000.00,2025-09-30 21:55:55.756469+03:00,2025-09-30 21:55:55.756469+03:00
2240.SR,Zamil Industrial Investment Company,Tadawul,2024,2,2024-06-30,1335278000.00,213243000.00,6098000.00,72491000.00,47249000.00,2025-09-30 21:55:55.756469+03:00,2025-09-30 21:55:55.756469+03:00
2240.SR,Zamil Industrial Investment Company,Tadawul,2024,1,2024-03-31,,,,,,2025-09-30 21:55:55.756469+03:00,2025-09-30 21:55:55.756469+03:00
2240.SR,Zamil Industrial Investment Company,Tadawul,2023,4,2023-12-31,,,,,,2025-09-30 21:55:55.756469+03:00,2025-09-30 21:55:55.756469+03:00
2250.SR,Saudi Industrial Investment Group,Tadawul,2025,2,2025-06-30,0.00,,19627000.00,55016000.00,55011000.00,2025-09-30 21:56:53.349929+03:00,2025-09-30 21:56:53.349929+03:00
2250.SR,Saudi Industrial Investment Group,Tadawul,2025,1,2025-03-31,0.00,,18233000.00,36479000.00,36479000.00,2025-09-30 21:56:53.349929+03:00,2025-09-30 21:56:53.349929+03:00
2250.SR,Saudi Industrial Investment Group,Tadawul,2024,4,2024-12-31,0.00,,11258000.00,461669000.00,461125000.00,2025-09-30 21:56:53.349929+03:00,2025-09-30 21:56:53.349929+03:00
2250.SR,Saudi Industrial Investment Group,Tadawul,2024,3,2024-09-30,0.00,,98086000.00,178469000.00,178426000.00,2025-09-30 21:56:53.349929+03:00,2025-09-30 21:56:53.349929+03:00
2250.SR,Saudi Industrial Investment Group,Tadawul,2024,2,2024-06-30,0.00,,64367000.00,34144000.00,34144000.00,2025-09-30 21:56:53.349929+03:00,2025-09-30 21:56:53.349929+03:00
2250.SR,Saudi Industrial Investment Group,Tadawul,2024,1,2024-03-31,,,,,,2025-09-30 21:56:53.349929+03:00,2025-09-30 21:56:53.349929+03:00
2250.SR,Saudi Industrial Investment Group,Tadawul,2023,4,2023-12-31,,,,,,2025-09-30 21:56:53.349929+03:00,2025-09-30 21:56:53.349929+03:00
2270.SR,Saudia Dairy & Foodstuff Company,Tadawul,2025,2,2025-06-30,785355000.00,271410000.00,117664000.00,184420000.00,149008000.00,2025-09-30 22:19:22.256772+03:00,2025-09-30 22:19:22.256772+03:00
2270.SR,Saudia Dairy & Foodstuff Company,Tadawul,2025,1,2025-03-31,778582000.00,279864000.00,126112000.00,93396000.00,61118000.00,2025-09-30 22:19:22.256772+03:00,2025-09-30 22:19:22.256772+03:00
2270.SR,Saudia Dairy & Foodstuff Company,Tadawul,2024,4,2024-12-31,733209000.00,257951000.00,92147000.00,153910000.00,99090000.00,2025-09-30 22:19:22.256772+03:00,2025-09-30 22:19:22.256772+03:00
2270.SR,Saudia Dairy & Foodstuff Company,Tadawul,2024,3,2024-09-30,789616000.00,275911000.00,137499000.00,251425000.00,177709000.00,2025-09-30 22:19:22.256772+03:00,2025-09-30 22:19:22.256772+03:00
2270.SR,Saudia Dairy & Foodstuff Company,Tadawul,2024,2,2024-06-30,722177000.00,268212000.00,127787000.00,39905000.00,19888000.00,2025-09-30 22:19:22.256772+03:00,2025-09-30 22:19:22.256772+03:00
2270.SR,Saudia Dairy & Foodstuff Company,Tadawul,2024,1,2024-03-31,,,,,,2025-09-30 22:19:22.256772+03:00,2025-09-30 22:19:22.256772+03:00
2270.SR,Saudia Dairy & Foodstuff Company,Tadawul,2023,4,2023-12-31,,,,,,2025-09-30 22:19:22.256772+03:00,2025-09-30 22:19:22.256772+03:00
2280.SR,Almarai Company,Tadawul,2025,2,2025-06-30,5288402000.00,1713179000.00,646866000.00,1459953000.00,-54464000.00,2025-09-30 22:19:26.834994+03:00,2025-09-30 22:19:26.834994+03:00
2280.SR,Almarai Company,Tadawul,2025,1,2025-03-31,5767090000.00,1768655000.00,731194000.00,1093120000.00,-13064000.00,2025-09-30 22:19:26.834994+03:00,2025-09-30 22:19:26.834994+03:00
2280.SR,Almarai Company,Tadawul,2024,4,2024-12-31,5157329000.00,1303657000.00,430726000.00,1315302000.00,-132926000.00,2025-09-30 22:19:26.834994+03:00,2025-09-30 22:19:26.834994+03:00
2280.SR,Almarai Company,Tadawul,2024,3,2024-09-30,5208921000.00,1669897000.00,570454000.00,1340480000.00,182711000.00,2025-09-30 22:19:26.834994+03:00,2025-09-30 22:19:26.834994+03:00
2280.SR,Almarai Company,Tadawul,2024,2,2024-06-30,5154621000.00,1702335000.00,619693000.00,1937441000.00,438462000.00,2025-09-30 22:19:26.834994+03:00,2025-09-30 22:19:26.834994+03:00
2280.SR,Almarai Company,Tadawul,2024,1,2024-03-31,,,,,,2025-09-30 22:19:26.834994+03:00,2025-09-30 22:19:26.834994+03:00
2281.SR,Tanmiah Food Company,Tadawul,2025,2,2025-06-30,649502195.00,152877922.00,497998.00,124386293.00,20382425.00,2025-09-30 22:19:08.890229+03:00,2025-09-30 22:19:08.890229+03:00
2281.SR,Tanmiah Food Company,Tadawul,2025,1,2025-03-31,677118791.00,168369054.00,18894933.00,23296251.00,-180880038.00,2025-09-30 22:19:08.890229+03:00,2025-09-30 22:19:08.890229+03:00
2281.SR,Tanmiah Food Company,Tadawul,2024,4,2024-12-31,684880626.00,178431621.00,26728948.00,-52910116.00,-161549478.00,2025-09-30 22:19:08.890229+03:00,2025-09-30 22:19:08.890229+03:00
2281.SR,Tanmiah Food Company,Tadawul,2024,3,2024-09-30,657436886.00,167435186.00,24118780.00,-53820890.00,-128803271.00,2025-09-30 22:19:08.890229+03:00,2025-09-30 22:19:08.890229+03:00
2281.SR,Tanmiah Food Company,Tadawul,2024,2,2024-06-30,639804502.00,164071934.00,24019430.00,104184257.00,45990897.00,2025-09-30 22:19:08.890229+03:00,2025-09-30 22:19:08.890229+03:00
2281.SR,Tanmiah Food Company,Tadawul,2024,1,2024-03-31,,,,,,2025-09-30 22:19:08.890229+03:00,2025-09-30 22:19:08.890229+03:00
2281.SR,Tanmiah Food Company,Tadawul,2023,4,2023-12-31,,,,,,2025-09-30 22:19:08.890229+03:00,2025-09-30 22:19:08.890229+03:00
2282.SR,Naqi Water Company,Tadawul,2025,2,2025-06-30,51166611.00,19132793.00,4760305.00,16439995.00,12943528.00,2025-09-30 22:03:44.146093+03:00,2025-09-30 22:03:44.146093+03:00
2282.SR,Naqi Water Company,Tadawul,2025,1,2025-03-31,44473001.00,15988069.00,3640214.00,10396992.00,5679757.00,2025-09-30 22:03:44.146093+03:00,2025-09-30 22:03:44.146093+03:00
2282.SR,Naqi Water Company,Tadawul,2024,4,2024-12-31,44602712.00,15039423.00,1338687.00,-5026308.00,-8341146.00,2025-09-30 22:03:44.146093+03:00,2025-09-30 22:03:44.146093+03:00
2282.SR,Naqi Water Company,Tadawul,2024,3,2024-09-30,61001729.00,22356720.00,10085379.00,27929768.00,2922298.00,2025-09-30 22:03:44.146093+03:00,2025-09-30 22:03:44.146093+03:00
2282.SR,Naqi Water Company,Tadawul,2024,2,2024-06-30,56030609.00,20449743.00,11023944.00,3250803.00,771842.00,2025-09-30 22:03:44.146093+03:00,2025-09-30 22:03:44.146093+03:00
2282.SR,Naqi Water Company,Tadawul,2024,1,2024-03-31,,,,,,2025-09-30 22:03:44.146093+03:00,2025-09-30 22:03:44.146093+03:00
2283.SR,The First Milling Company,Tadawul,2025,2,2025-06-30,237765812.00,102717582.00,51405711.00,7940361.00,-5232775.00,2025-09-30 22:03:48.777398+03:00,2025-09-30 22:03:48.777398+03:00
2283.SR,The First Milling Company,Tadawul,2025,1,2025-03-31,283596100.00,123245301.00,79664205.00,86052669.00,55706358.00,2025-09-30 22:03:48.777398+03:00,2025-09-30 22:03:48.777398+03:00
2283.SR,The First Milling Company,Tadawul,2024,4,2024-12-31,268845722.00,119612292.00,66394274.00,109808107.00,97466784.00,2025-09-30 22:03:48.777398+03:00,2025-09-30 22:03:48.777398+03:00
2283.SR,The First Milling Company,Tadawul,2024,3,2024-09-30,261212915.00,111541189.00,61278490.00,75835328.00,63379445.00,2025-09-30 22:03:48.777398+03:00,2025-09-30 22:03:48.777398+03:00
2283.SR,The First Milling Company,Tadawul,2024,2,2024-06-30,242347690.00,100380376.00,45507333.00,44062802.00,22078069.00,2025-09-30 22:03:48.777398+03:00,2025-09-30 22:03:48.777398+03:00
2283.SR,The First Milling Company,Tadawul,2024,1,2024-03-31,,,,,,2025-09-30 22:03:48.777398+03:00,2025-09-30 22:03:48.777398+03:00
2283.SR,The First Milling Company,Tadawul,2023,4,2023-12-31,,,,,,2025-09-30 22:03:48.777398+03:00,2025-09-30 22:03:48.777398+03:00
2284.SR,Modern Mills for Food Products ,Tadawul,2025,2,2025-06-30,240524805.00,82908088.00,49667968.00,47482302.00,17254461.00,2025-09-30 22:03:53.099795+03:00,2025-09-30 22:03:53.099795+03:00
2284.SR,Modern Mills for Food Products ,Tadawul,2025,1,2025-03-31,259889051.00,96962695.00,65644922.00,83589573.00,54595864.00,2025-09-30 22:03:53.099795+03:00,2025-09-30 22:03:53.099795+03:00
2284.SR,Modern Mills for Food Products ,Tadawul,2024,4,2024-12-31,267109054.00,98592245.00,50780815.00,66366719.00,23632071.00,2025-09-30 22:03:53.099795+03:00,2025-09-30 22:03:53.099795+03:00
2284.SR,Modern Mills for Food Products ,Tadawul,2024,3,2024-09-30,252347185.00,94215313.00,48397465.00,94587397.00,57495498.00,2025-09-30 22:03:53.099795+03:00,2025-09-30 22:03:53.099795+03:00
2284.SR,Modern Mills for Food Products ,Tadawul,2024,2,2024-06-30,222986928.00,81386042.00,44508564.00,27226078.00,15811618.00,2025-09-30 22:03:53.099795+03:00,2025-09-30 22:03:53.099795+03:00
2284.SR,Modern Mills for Food Products ,Tadawul,2024,1,2024-03-31,,,,,,2025-09-30 22:03:53.099795+03:00,2025-09-30 22:03:53.099795+03:00
2284.SR,Modern Mills for Food Products ,Tadawul,2023,4,2023-12-31,,,,,,2025-09-30 22:03:53.099795+03:00,2025-09-30 22:03:53.099795+03:00
2285.SR,Arabian Mills for Food Products,Tadawul,2025,2,2025-06-30,230393996.00,107410922.00,53618281.00,72702346.00,66650324.00,2025-09-30 22:18:29.545964+03:00,2025-09-30 22:18:29.545964+03:00
2285.SR,Arabian Mills for Food Products,Tadawul,2025,1,2025-03-31,247723684.00,116709089.00,63939594.00,86167448.00,74041260.00,2025-09-30 22:18:29.545964+03:00,2025-09-30 22:18:29.545964+03:00
2285.SR,Arabian Mills for Food Products,Tadawul,2024,4,2024-12-31,264808709.00,124484333.00,57215208.00,98959660.00,92303897.00,2025-09-30 22:18:29.545964+03:00,2025-09-30 22:18:29.545964+03:00
2285.SR,Arabian Mills for Food Products,Tadawul,2024,3,2024-09-30,244342723.00,113355146.00,54913233.00,105632857.00,99690023.00,2025-09-30 22:18:29.545964+03:00,2025-09-30 22:18:29.545964+03:00
2285.SR,Arabian Mills for Food Products,Tadawul,2024,2,2024-06-30,226566440.00,104449695.00,46123391.00,42269525.00,38372729.00,2025-09-30 22:18:29.545964+03:00,2025-09-30 22:18:29.545964+03:00
2285.SR,Arabian Mills for Food Products,Tadawul,2024,1,2024-03-31,,,,,,2025-09-30 22:18:29.545964+03:00,2025-09-30 22:18:29.545964+03:00
2285.SR,Arabian Mills for Food Products,Tadawul,2023,4,2023-12-31,,,,,,2025-09-30 22:18:29.545964+03:00,2025-09-30 22:18:29.545964+03:00
2286.SR,Fourth Milling Co.,Tadawul,2025,1,2025-03-31,170143021.00,81976067.00,52695821.00,58765796.00,54109345.00,2025-09-30 22:18:33.938134+03:00,2025-09-30 22:18:33.938134+03:00
2286.SR,Fourth Milling Co.,Tadawul,2024,4,2024-12-31,166739029.00,80908808.00,42104524.00,42396901.00,38110878.00,2025-09-30 22:18:33.938134+03:00,2025-09-30 22:18:33.938134+03:00
2286.SR,Fourth Milling Co.,Tadawul,2024,3,2024-09-30,159927525.00,77190693.00,47062083.00,84446021.00,81405043.00,2025-09-30 22:18:33.938134+03:00,2025-09-30 22:18:33.938134+03:00
2286.SR,Fourth Milling Co.,Tadawul,2024,2,2024-06-30,138122688.00,58476069.00,33147443.00,71318814.00,64215627.00,2025-09-30 22:18:33.938134+03:00,2025-09-30 22:18:33.938134+03:00
2286.SR,Fourth Milling Co.,Tadawul,2024,1,2024-03-31,165556729.00,79410849.00,48617303.00,64135573.00,63002196.00,2025-09-30 22:18:33.938134+03:00,2025-09-30 22:18:33.938134+03:00
2286.SR,Fourth Milling Co.,Tadawul,2023,4,2023-12-31,,,,,,2025-09-30 22:18:33.938134+03:00,2025-09-30 22:18:33.938134+03:00
2287.SR,Arabian Company for Agricultura,Tadawul,2025,2,2025-06-30,331883923.00,77227992.00,18610677.00,-11985506.00,-30403182.00,2025-09-30 22:19:31.354562+03:00,2025-09-30 22:19:31.354562+03:00
2287.SR,Arabian Company for Agricultura,Tadawul,2025,1,2025-03-31,320084961.00,59308510.00,21172706.00,-2699439.00,-4559585.00,2025-09-30 22:19:31.354562+03:00,2025-09-30 22:19:31.354562+03:00
2287.SR,Arabian Company for Agricultura,Tadawul,2024,2,2024-06-30,300719137.00,58031604.00,7020236.00,3936364.00,-17989543.00,2025-09-30 22:19:31.354562+03:00,2025-09-30 22:19:31.354562+03:00
2287.SR,Arabian Company for Agricultura,Tadawul,2024,1,2024-03-31,339618149.00,71854035.00,21970219.00,73950757.00,46722190.00,2025-09-30 22:19:31.354562+03:00,2025-09-30 22:19:31.354562+03:00
2290.SR,Yanbu National Petrochemical Company,Tadawul,2025,2,2025-06-30,1393932000.00,185268000.00,44552000.00,211477000.00,153912000.00,2025-09-30 21:56:57.643313+03:00,2025-09-30 21:56:57.643313+03:00
2290.SR,Yanbu National Petrochemical Company,Tadawul,2025,1,2025-03-31,1512062000.00,153903000.00,13666000.00,274077000.00,227450000.00,2025-09-30 21:56:57.643313+03:00,2025-09-30 21:56:57.643313+03:00
2290.SR,Yanbu National Petrochemical Company,Tadawul,2024,4,2024-12-31,1485599000.00,102628000.00,-34546000.00,487020000.00,396893000.00,2025-09-30 21:56:57.643313+03:00,2025-09-30 21:56:57.643313+03:00
2290.SR,Yanbu National Petrochemical Company,Tadawul,2024,3,2024-09-30,1627707000.00,290739000.00,130575000.00,580800000.00,532048000.00,2025-09-30 21:56:57.643313+03:00,2025-09-30 21:56:57.643313+03:00
2290.SR,Yanbu National Petrochemical Company,Tadawul,2024,2,2024-06-30,1656720000.00,332088000.00,224781000.00,371989000.00,335008000.00,2025-09-30 21:56:57.643313+03:00,2025-09-30 21:56:57.643313+03:00
2290.SR,Yanbu National Petrochemical Company,Tadawul,2024,1,2024-03-31,,,,,,2025-09-30 21:56:57.643313+03:00,2025-09-30 21:56:57.643313+03:00
2300.SR,Saudi Paper Manufacturing Company,Tadawul,2025,2,2025-06-30,208525351.00,70717824.00,13898896.00,8567742.00,-3171709.00,2025-09-30 21:55:24.895564+03:00,2025-09-30 21:55:24.895564+03:00
2300.SR,Saudi Paper Manufacturing Company,Tadawul,2025,1,2025-03-31,228487750.00,69356662.00,20683776.00,10627217.00,5959720.00,2025-09-30 21:55:24.895564+03:00,2025-09-30 21:55:24.895564+03:00
2300.SR,Saudi Paper Manufacturing Company,Tadawul,2024,4,2024-12-31,190402149.00,47256531.00,390754.00,6628182.00,-3235289.00,2025-09-30 21:55:24.895564+03:00,2025-09-30 21:55:24.895564+03:00
2300.SR,Saudi Paper Manufacturing Company,Tadawul,2024,3,2024-09-30,215337923.00,64691321.00,20594456.00,75462042.00,-6018296.00,2025-09-30 21:55:24.895564+03:00,2025-09-30 21:55:24.895564+03:00
2300.SR,Saudi Paper Manufacturing Company,Tadawul,2024,2,2024-06-30,202325123.00,67452728.00,26003135.00,-8464090.00,-21166908.00,2025-09-30 21:55:24.895564+03:00,2025-09-30 21:55:24.895564+03:00
2300.SR,Saudi Paper Manufacturing Company,Tadawul,2024,1,2024-03-31,,,,,,2025-09-30 21:55:24.895564+03:00,2025-09-30 21:55:24.895564+03:00
2310.SR,Sahara International Petrochemical Company,Tadawul,2025,2,2025-06-30,1906267000.00,293175000.00,-169179000.00,235093000.00,99341000.00,2025-09-30 21:57:02.384296+03:00,2025-09-30 21:57:02.384296+03:00
2310.SR,Sahara International Petrochemical Company,Tadawul,2025,1,2025-03-31,1969806000.00,159527000.00,195320000.00,382497000.00,237425000.00,2025-09-30 21:57:02.384296+03:00,2025-09-30 21:57:02.384296+03:00
2310.SR,Sahara International Petrochemical Company,Tadawul,2024,4,2024-12-31,1738938000.00,308772000.00,19988000.00,249549000.00,109222000.00,2025-09-30 21:57:02.384296+03:00,2025-09-30 21:57:02.384296+03:00
2310.SR,Sahara International Petrochemical Company,Tadawul,2024,3,2024-09-30,1626750000.00,329817000.00,103154000.00,137499000.00,-167421000.00,2025-09-30 21:57:02.384296+03:00,2025-09-30 21:57:02.384296+03:00
2310.SR,Sahara International Petrochemical Company,Tadawul,2024,2,2024-06-30,1770273000.00,320774000.00,121490000.00,759492000.00,637687000.00,2025-09-30 21:57:02.384296+03:00,2025-09-30 21:57:02.384296+03:00
2310.SR,Sahara International Petrochemical Company,Tadawul,2024,1,2024-03-31,,,,,,2025-09-30 21:57:02.384296+03:00,2025-09-30 21:57:02.384296+03:00
2320.SR,Al-Babtain Power and Telecommunications Company,Tadawul,2025,2,2025-06-30,687493126.00,156970448.00,97754807.00,112452555.00,59600381.00,2025-09-30 21:58:42.326741+03:00,2025-09-30 21:58:42.326741+03:00
2320.SR,Al-Babtain Power and Telecommunications Company,Tadawul,2025,1,2025-03-31,631231766.00,144641419.00,88199215.00,164000429.00,159835858.00,2025-09-30 21:58:42.326741+03:00,2025-09-30 21:58:42.326741+03:00
2320.SR,Al-Babtain Power and Telecommunications Company,Tadawul,2024,4,2024-12-31,678939316.00,132538501.00,84967522.00,68419711.00,63141140.00,2025-09-30 21:58:42.326741+03:00,2025-09-30 21:58:42.326741+03:00
2320.SR,Al-Babtain Power and Telecommunications Company,Tadawul,2024,3,2024-09-30,783886675.00,103420440.00,43853819.00,262543125.00,258363868.00,2025-09-30 21:58:42.326741+03:00,2025-09-30 21:58:42.326741+03:00
2320.SR,Al-Babtain Power and Telecommunications Company,Tadawul,2024,2,2024-06-30,650102574.00,113485337.00,54322372.00,-132073733.00,-135652125.00,2025-09-30 21:58:42.326741+03:00,2025-09-30 21:58:42.326741+03:00
2320.SR,Al-Babtain Power and Telecommunications Company,Tadawul,2024,1,2024-03-31,,,,,,2025-09-30 21:58:42.326741+03:00,2025-09-30 21:58:42.326741+03:00
2320.SR,Al-Babtain Power and Telecommunications Company,Tadawul,2023,4,2023-12-31,,,,,,2025-09-30 21:58:42.326741+03:00,2025-09-30 21:58:42.326741+03:00
2330.SR,Advanced Petrochemical Company,Tadawul,2025,2,2025-06-30,698405000.00,133908000.00,81613000.00,268860000.00,-253680000.00,2025-09-30 21:57:07.061277+03:00,2025-09-30 21:57:07.061277+03:00
2330.SR,Advanced Petrochemical Company,Tadawul,2025,1,2025-03-31,614132000.00,107304000.00,71701000.00,-37042000.00,-296157000.00,2025-09-30 21:57:07.061277+03:00,2025-09-30 21:57:07.061277+03:00
2330.SR,Advanced Petrochemical Company,Tadawul,2024,4,2024-12-31,579394000.00,19330000.00,-287889000.00,5334000.00,-494218000.00,2025-09-30 21:57:07.061277+03:00,2025-09-30 21:57:07.061277+03:00
2330.SR,Advanced Petrochemical Company,Tadawul,2024,3,2024-09-30,642958000.00,118940000.00,45521000.00,-52824000.00,-523042000.00,2025-09-30 21:57:07.061277+03:00,2025-09-30 21:57:07.061277+03:00
2330.SR,Advanced Petrochemical Company,Tadawul,2024,2,2024-06-30,649055000.00,122897000.00,41558000.00,27235000.00,-547734000.00,2025-09-30 21:57:07.061277+03:00,2025-09-30 21:57:07.061277+03:00
2330.SR,Advanced Petrochemical Company,Tadawul,2024,1,2024-03-31,,,,,,2025-09-30 21:57:07.061277+03:00,2025-09-30 21:57:07.061277+03:00
2340.SR,Artex Industrial Investment Company,Tadawul,2025,2,2025-06-30,116860000.00,8955000.00,-2972000.00,-42379000.00,-55499000.00,2025-09-30 22:00:31.840426+03:00,2025-09-30 22:00:31.840426+03:00
2340.SR,Artex Industrial Investment Company,Tadawul,2025,1,2025-03-31,172320000.00,23319000.00,5699000.00,49377000.00,45139000.00,2025-09-30 22:00:31.840426+03:00,2025-09-30 22:00:31.840426+03:00
2340.SR,Artex Industrial Investment Company,Tadawul,2024,4,2024-12-31,154041000.00,-10431000.00,-132019000.00,25872000.00,20468000.00,2025-09-30 22:00:31.840426+03:00,2025-09-30 22:00:31.840426+03:00
2340.SR,Artex Industrial Investment Company,Tadawul,2024,3,2024-09-30,125111000.00,671000.00,-4833000.00,-52308000.00,-56100000.00,2025-09-30 22:00:31.840426+03:00,2025-09-30 22:00:31.840426+03:00
2340.SR,Artex Industrial Investment Company,Tadawul,2024,2,2024-06-30,112553000.00,2712000.00,-9036000.00,-30705000.00,-31510000.00,2025-09-30 22:00:31.840426+03:00,2025-09-30 22:00:31.840426+03:00
2340.SR,Artex Industrial Investment Company,Tadawul,2024,1,2024-03-31,,,,,,2025-09-30 22:00:31.840426+03:00,2025-09-30 22:00:31.840426+03:00
2350.SR,Saudi Kayan Petrochemical Company,Tadawul,2025,2,2025-06-30,2231290000.00,-112387000.00,-496354000.00,230691000.00,95435000.00,2025-09-30 21:57:11.377159+03:00,2025-09-30 21:57:11.377159+03:00
2350.SR,Saudi Kayan Petrochemical Company,Tadawul,2025,1,2025-03-31,2061790000.00,-388653000.00,-775782000.00,-535271000.00,-599761000.00,2025-09-30 21:57:11.377159+03:00,2025-09-30 21:57:11.377159+03:00
2350.SR,Saudi Kayan Petrochemical Company,Tadawul,2024,4,2024-12-31,2245310000.00,-396773000.00,-685609000.00,841099000.00,671209000.00,2025-09-30 21:57:11.377159+03:00,2025-09-30 21:57:11.377159+03:00
2350.SR,Saudi Kayan Petrochemical Company,Tadawul,2024,3,2024-09-30,2398633000.00,63227000.00,-296158000.00,154382000.00,-19328000.00,2025-09-30 21:57:11.377159+03:00,2025-09-30 21:57:11.377159+03:00
2350.SR,Saudi Kayan Petrochemical Company,Tadawul,2024,2,2024-06-30,2106243000.00,-34097000.00,-250090000.00,532088000.00,371894000.00,2025-09-30 21:57:11.377159+03:00,2025-09-30 21:57:11.377159+03:00
2350.SR,Saudi Kayan Petrochemical Company,Tadawul,2024,1,2024-03-31,,,,,,2025-09-30 21:57:11.377159+03:00,2025-09-30 21:57:11.377159+03:00
2350.SR,Saudi Kayan Petrochemical Company,Tadawul,2023,4,2023-12-31,,,,,,2025-09-30 21:57:11.377159+03:00,2025-09-30 21:57:11.377159+03:00
2360.SR,Saudi Vitrified Clay Pipe Company,Tadawul,2025,2,2025-06-30,14754722.00,-4443226.00,-11460491.00,-6545834.00,-10197751.00,2025-09-30 21:56:00.350606+03:00,2025-09-30 21:56:00.350606+03:00
2360.SR,Saudi Vitrified Clay Pipe Company,Tadawul,2025,1,2025-03-31,13094560.00,-1016678.00,-8630121.00,-2644983.00,-7422925.00,2025-09-30 21:56:00.350606+03:00,2025-09-30 21:56:00.350606+03:00
2360.SR,Saudi Vitrified Clay Pipe Company,Tadawul,2024,4,2024-12-31,17511892.00,9972686.00,-30710178.00,624721.00,-500526.00,2025-09-30 21:56:00.350606+03:00,2025-09-30 21:56:00.350606+03:00
2360.SR,Saudi Vitrified Clay Pipe Company,Tadawul,2024,3,2024-09-30,16492604.00,-4752209.00,-57295733.00,-2633457.00,-4618373.00,2025-09-30 21:56:00.350606+03:00,2025-09-30 21:56:00.350606+03:00
2360.SR,Saudi Vitrified Clay Pipe Company,Tadawul,2024,2,2024-06-30,9656571.00,-7247404.00,-12081035.00,-11017759.00,-11842145.00,2025-09-30 21:56:00.350606+03:00,2025-09-30 21:56:00.350606+03:00
2360.SR,Saudi Vitrified Clay Pipe Company,Tadawul,2024,1,2024-03-31,,,,,,2025-09-30 21:56:00.350606+03:00,2025-09-30 21:56:00.350606+03:00
2360.SR,Saudi Vitrified Clay Pipe Company,Tadawul,2023,4,2023-12-31,,,,,,2025-09-30 21:56:00.350606+03:00,2025-09-30 21:56:00.350606+03:00
2370.SR,Middle East Specialized Cables Company,Tadawul,2025,2,2025-06-30,380921234.00,60063426.00,29904977.00,-102004306.00,-110456345.00,2025-09-30 21:58:33.712875+03:00,2025-09-30 21:58:33.712875+03:00
2370.SR,Middle East Specialized Cables Company,Tadawul,2025,1,2025-03-31,339001527.00,50716343.00,19200223.00,-18855348.00,-21350695.00,2025-09-30 21:58:33.712875+03:00,2025-09-30 21:58:33.712875+03:00
2370.SR,Middle East Specialized Cables Company,Tadawul,2024,4,2024-12-31,313535292.00,48478150.00,22322166.00,-28722911.00,-45985421.00,2025-09-30 21:58:33.712875+03:00,2025-09-30 21:58:33.712875+03:00
2370.SR,Middle East Specialized Cables Company,Tadawul,2024,3,2024-09-30,289195001.00,47260706.00,20934109.00,-3987077.00,-7599275.00,2025-09-30 21:58:33.712875+03:00,2025-09-30 21:58:33.712875+03:00
2370.SR,Middle East Specialized Cables Company,Tadawul,2024,2,2024-06-30,249893401.00,47456737.00,21779460.00,-10849880.00,-15456976.00,2025-09-30 21:58:33.712875+03:00,2025-09-30 21:58:33.712875+03:00
2370.SR,Middle East Specialized Cables Company,Tadawul,2024,1,2024-03-31,,,,,,2025-09-30 21:58:33.712875+03:00,2025-09-30 21:58:33.712875+03:00
2380.SR,Rabigh Refining and Petrochemical Company,Tadawul,2025,2,2025-06-30,4051303000.00,-921058000.00,-1365922000.00,5225435000.00,3743841000.00,2025-09-30 21:50:36.059720+03:00,2025-09-30 21:50:36.059720+03:00
2380.SR,Rabigh Refining and Petrochemical Company,Tadawul,2025,1,2025-03-31,11492912000.00,218617000.00,-690844000.00,-3292192000.00,-3908177000.00,2025-09-30 21:50:36.059720+03:00,2025-09-30 21:50:36.059720+03:00
2380.SR,Rabigh Refining and Petrochemical Company,Tadawul,2024,4,2024-12-31,11397050000.00,118122000.00,-779276000.00,5087090000.00,4692899000.00,2025-09-30 21:50:36.059720+03:00,2025-09-30 21:50:36.059720+03:00
2380.SR,Rabigh Refining and Petrochemical Company,Tadawul,2024,3,2024-09-30,9957111000.00,-450724000.00,-1300441000.00,-578679000.00,-739904000.00,2025-09-30 21:50:36.059720+03:00,2025-09-30 21:50:36.059720+03:00
2380.SR,Rabigh Refining and Petrochemical Company,Tadawul,2024,2,2024-06-30,10010919000.00,-147401000.00,-1099796000.00,2390574000.00,2223817000.00,2025-09-30 21:50:36.059720+03:00,2025-09-30 21:50:36.059720+03:00
2380.SR,Rabigh Refining and Petrochemical Company,Tadawul,2024,1,2024-03-31,,,,,,2025-09-30 21:50:36.059720+03:00,2025-09-30 21:50:36.059720+03:00
2381.SR,Arabian Drilling Company,Tadawul,2025,2,2025-06-30,862469075.00,123008977.00,7477117.00,415928072.00,219722357.00,2025-09-30 21:50:27.497483+03:00,2025-09-30 21:50:27.497483+03:00
2381.SR,Arabian Drilling Company,Tadawul,2025,1,2025-03-31,911082489.00,179993408.00,75197436.00,63866099.00,-226061097.00,2025-09-30 21:50:27.497483+03:00,2025-09-30 21:50:27.497483+03:00
2381.SR,Arabian Drilling Company,Tadawul,2024,4,2024-12-31,849660317.00,182382228.00,70118304.00,701553806.00,258216347.00,2025-09-30 21:50:27.497483+03:00,2025-09-30 21:50:27.497483+03:00
2381.SR,Arabian Drilling Company,Tadawul,2024,3,2024-09-30,863188842.00,179633120.00,84813334.00,477564532.00,-70121328.00,2025-09-30 21:50:27.497483+03:00,2025-09-30 21:50:27.497483+03:00
2381.SR,Arabian Drilling Company,Tadawul,2024,2,2024-06-30,939303389.00,129154648.00,20177308.00,314139381.00,-298715733.00,2025-09-30 21:50:27.497483+03:00,2025-09-30 21:50:27.497483+03:00
2381.SR,Arabian Drilling Company,Tadawul,2024,1,2024-03-31,,,,,,2025-09-30 21:50:27.497483+03:00,2025-09-30 21:50:27.497483+03:00
2381.SR,Arabian Drilling Company,Tadawul,2023,4,2023-12-31,,,,,,2025-09-30 21:50:27.497483+03:00,2025-09-30 21:50:27.497483+03:00
2382.SR,ADES Holding Company,Tadawul,2025,2,2025-06-30,1578826000.00,592833000.00,188603000.00,535041000.00,43522000.00,2025-09-30 21:50:31.814274+03:00,2025-09-30 21:50:31.814274+03:00
2382.SR,ADES Holding Company,Tadawul,2025,1,2025-03-31,1470138000.00,590184000.00,194155000.00,625487000.00,168002000.00,2025-09-30 21:50:31.814274+03:00,2025-09-30 21:50:31.814274+03:00
2382.SR,ADES Holding Company,Tadawul,2024,4,2024-12-31,1569069000.00,566793000.00,207050000.00,973300000.00,421025000.00,2025-09-30 21:50:31.814274+03:00,2025-09-30 21:50:31.814274+03:00
2382.SR,ADES Holding Company,Tadawul,2024,3,2024-09-30,1572596000.00,615547000.00,199617000.00,326030000.00,-22575000.00,2025-09-30 21:50:31.814274+03:00,2025-09-30 21:50:31.814274+03:00
2382.SR,ADES Holding Company,Tadawul,2024,2,2024-06-30,1525287000.00,574024000.00,198470000.00,558027000.00,-143200000.00,2025-09-30 21:50:31.814274+03:00,2025-09-30 21:50:31.814274+03:00
2382.SR,ADES Holding Company,Tadawul,2024,1,2024-03-31,,,,,,2025-09-30 21:50:31.814274+03:00,2025-09-30 21:50:31.814274+03:00
2382.SR,ADES Holding Company,Tadawul,2023,4,2023-12-31,,,,,,2025-09-30 21:50:31.814274+03:00,2025-09-30 21:50:31.814274+03:00
3002.SR,Najran Cement Company,Tadawul,2025,2,2025-06-30,124701000.00,21474000.00,4519000.00,19705000.00,18547000.00,2025-09-30 21:57:15.723574+03:00,2025-09-30 21:57:15.723574+03:00
3002.SR,Najran Cement Company,Tadawul,2025,1,2025-03-31,135240000.00,33834000.00,17190000.00,24546000.00,18316000.00,2025-09-30 21:57:15.723574+03:00,2025-09-30 21:57:15.723574+03:00
3002.SR,Najran Cement Company,Tadawul,2024,4,2024-12-31,148546000.00,44045000.00,21453000.00,50139000.00,31580000.00,2025-09-30 21:57:15.723574+03:00,2025-09-30 21:57:15.723574+03:00
3002.SR,Najran Cement Company,Tadawul,2024,3,2024-09-30,134565000.00,36888000.00,17934000.00,25812000.00,-1041000.00,2025-09-30 21:57:15.723574+03:00,2025-09-30 21:57:15.723574+03:00
3002.SR,Najran Cement Company,Tadawul,2024,2,2024-06-30,113267000.00,20849000.00,4173000.00,8341000.00,-2654000.00,2025-09-30 21:57:15.723574+03:00,2025-09-30 21:57:15.723574+03:00
3002.SR,Najran Cement Company,Tadawul,2024,1,2024-03-31,,,,,,2025-09-30 21:57:15.723574+03:00,2025-09-30 21:57:15.723574+03:00
3003.SR,City Cement Company,Tadawul,2025,2,2025-06-30,139491390.00,45489480.00,36381279.00,61411205.00,45744812.00,2025-09-30 21:57:20.110460+03:00,2025-09-30 21:57:20.110460+03:00
3003.SR,City Cement Company,Tadawul,2025,1,2025-03-31,149265918.00,63066165.00,51539212.00,82731929.00,80330935.00,2025-09-30 21:57:20.110460+03:00,2025-09-30 21:57:20.110460+03:00
3003.SR,City Cement Company,Tadawul,2024,4,2024-12-31,159616734.00,54655120.00,41087558.00,95925035.00,79166786.00,2025-09-30 21:57:20.110460+03:00,2025-09-30 21:57:20.110460+03:00
3003.SR,City Cement Company,Tadawul,2024,3,2024-09-30,130110462.00,45876869.00,33657715.00,74312576.00,68130574.00,2025-09-30 21:57:20.110460+03:00,2025-09-30 21:57:20.110460+03:00
3003.SR,City Cement Company,Tadawul,2024,2,2024-06-30,111282995.00,39439017.00,27782721.00,37105744.00,21589354.00,2025-09-30 21:57:20.110460+03:00,2025-09-30 21:57:20.110460+03:00
3003.SR,City Cement Company,Tadawul,2024,1,2024-03-31,,,,,,2025-09-30 21:57:20.110460+03:00,2025-09-30 21:57:20.110460+03:00
3004.SR,Northern Region Cement Company,Tadawul,2025,2,2025-06-30,180772836.00,54873783.00,13187843.00,14813469.00,-12495495.00,2025-09-30 21:57:24.380118+03:00,2025-09-30 21:57:24.380118+03:00
3004.SR,Northern Region Cement Company,Tadawul,2025,1,2025-03-31,145052300.00,46782387.00,7819482.00,26372139.00,-2980245.00,2025-09-30 21:57:24.380118+03:00,2025-09-30 21:57:24.380118+03:00
3004.SR,Northern Region Cement Company,Tadawul,2024,4,2024-12-31,172640850.00,85292479.00,19279136.00,24704944.00,-85256619.00,2025-09-30 21:57:24.380118+03:00,2025-09-30 21:57:24.380118+03:00
3004.SR,Northern Region Cement Company,Tadawul,2024,3,2024-09-30,163230228.00,55647081.00,18128417.00,70387958.00,16232362.00,2025-09-30 21:57:24.380118+03:00,2025-09-30 21:57:24.380118+03:00
3004.SR,Northern Region Cement Company,Tadawul,2024,2,2024-06-30,147517375.00,47194487.00,11766916.00,-12349637.00,-34419836.00,2025-09-30 21:57:24.380118+03:00,2025-09-30 21:57:24.380118+03:00
3004.SR,Northern Region Cement Company,Tadawul,2024,1,2024-03-31,,,,,,2025-09-30 21:57:24.380118+03:00,2025-09-30 21:57:24.380118+03:00
3004.SR,Northern Region Cement Company,Tadawul,2023,4,2023-12-31,,,,,,2025-09-30 21:57:24.380118+03:00,2025-09-30 21:57:24.380118+03:00
3005.SR,Umm Al-Qura Cement Company,Tadawul,2025,2,2025-06-30,62069963.00,18505454.00,9899593.00,9341463.00,8731196.00,2025-09-30 21:58:07.763559+03:00,2025-09-30 21:58:07.763559+03:00
3005.SR,Umm Al-Qura Cement Company,Tadawul,2025,1,2025-03-31,60455899.00,18934101.00,10909974.00,22406050.00,10196750.00,2025-09-30 21:58:07.763559+03:00,2025-09-30 21:58:07.763559+03:00
3005.SR,Umm Al-Qura Cement Company,Tadawul,2024,4,2024-12-31,72550011.00,15784530.00,7668004.00,19550203.00,15550201.00,2025-09-30 21:58:07.763559+03:00,2025-09-30 21:58:07.763559+03:00
3005.SR,Umm Al-Qura Cement Company,Tadawul,2024,3,2024-09-30,61838823.00,18377784.00,9999274.00,19099077.00,17606828.00,2025-09-30 21:58:07.763559+03:00,2025-09-30 21:58:07.763559+03:00
3005.SR,Umm Al-Qura Cement Company,Tadawul,2024,2,2024-06-30,66518516.00,25130659.00,15582402.00,-13637572.00,-13995878.00,2025-09-30 21:58:07.763559+03:00,2025-09-30 21:58:07.763559+03:00
3005.SR,Umm Al-Qura Cement Company,Tadawul,2024,1,2024-03-31,,,,,,2025-09-30 21:58:07.763559+03:00,2025-09-30 21:58:07.763559+03:00
3005.SR,Umm Al-Qura Cement Company,Tadawul,2023,4,2023-12-31,,,,,,2025-09-30 21:58:07.763559+03:00,2025-09-30 21:58:07.763559+03:00
3007.SR,Zahrat Al Waha For Trading Company,Tadawul,2025,2,2025-06-30,131562475.00,13498464.00,399998.00,6967606.00,5415849.00,2025-09-30 21:50:53.942355+03:00,2025-09-30 21:50:53.942355+03:00
3007.SR,Zahrat Al Waha For Trading Company,Tadawul,2025,1,2025-03-31,125935824.00,4060174.00,-8283206.00,56224222.00,52517980.00,2025-09-30 21:50:53.942355+03:00,2025-09-30 21:50:53.942355+03:00
3007.SR,Zahrat Al Waha For Trading Company,Tadawul,2024,4,2024-12-31,115770084.00,16599156.00,5854096.00,4591036.00,57420.00,2025-09-30 21:50:53.942355+03:00,2025-09-30 21:50:53.942355+03:00
3007.SR,Zahrat Al Waha For Trading Company,Tadawul,2024,3,2024-09-30,146451434.00,15634313.00,4057181.00,16241823.00,14612382.00,2025-09-30 21:50:53.942355+03:00,2025-09-30 21:50:53.942355+03:00
3007.SR,Zahrat Al Waha For Trading Company,Tadawul,2024,2,2024-06-30,145375090.00,13484061.00,-1538271.00,60724456.00,55910958.00,2025-09-30 21:50:53.942355+03:00,2025-09-30 21:50:53.942355+03:00
3007.SR,Zahrat Al Waha For Trading Company,Tadawul,2024,1,2024-03-31,,,,,,2025-09-30 21:50:53.942355+03:00,2025-09-30 21:50:53.942355+03:00
3007.SR,Zahrat Al Waha For Trading Company,Tadawul,2023,4,2023-12-31,,,,,,2025-09-30 21:50:53.942355+03:00,2025-09-30 21:50:53.942355+03:00
3008.SR,Al Kathiri Holding Company,Tadawul,2025,2,2025-06-30,71354185.00,5506394.00,-2563691.00,-4937633.00,-18931375.00,2025-09-30 21:55:33.664266+03:00,2025-09-30 21:55:33.664266+03:00
3008.SR,Al Kathiri Holding Company,Tadawul,2025,1,2025-03-31,51837209.00,2240333.00,-5039097.00,-12561873.00,-17580062.00,2025-09-30 21:55:33.664266+03:00,2025-09-30 21:55:33.664266+03:00
3008.SR,Al Kathiri Holding Company,Tadawul,2024,4,2024-12-31,41093651.00,820922.00,-21036242.00,-8613640.00,-9580895.00,2025-09-30 21:55:33.664266+03:00,2025-09-30 21:55:33.664266+03:00
3008.SR,Al Kathiri Holding Company,Tadawul,2024,3,2024-09-30,54680979.00,7380259.00,1551257.00,13038594.00,720963.00,2025-09-30 21:55:33.664266+03:00,2025-09-30 21:55:33.664266+03:00
3008.SR,Al Kathiri Holding Company,Tadawul,2024,2,2024-06-30,42457646.00,6762273.00,233262.00,-5182495.00,-6611393.00,2025-09-30 21:55:33.664266+03:00,2025-09-30 21:55:33.664266+03:00
3008.SR,Al Kathiri Holding Company,Tadawul,2024,1,2024-03-31,,,,,,2025-09-30 21:55:33.664266+03:00,2025-09-30 21:55:33.664266+03:00
3008.SR,Al Kathiri Holding Company,Tadawul,2023,4,2023-12-31,,,,,,2025-09-30 21:55:33.664266+03:00,2025-09-30 21:55:33.664266+03:00
3010.SR,Arabian Cement Company,Tadawul,2025,2,2025-06-30,232818000.00,37278000.00,20514000.00,18448000.00,-6396000.00,2025-09-30 21:57:28.681767+03:00,2025-09-30 21:57:28.681767+03:00
3010.SR,Arabian Cement Company,Tadawul,2025,1,2025-03-31,238064000.00,47942000.00,23552000.00,30298000.00,25345000.00,2025-09-30 21:57:28.681767+03:00,2025-09-30 21:57:28.681767+03:00
3010.SR,Arabian Cement Company,Tadawul,2024,4,2024-12-31,230125000.00,54605000.00,31262000.00,86976000.00,76366000.00,2025-09-30 21:57:28.681767+03:00,2025-09-30 21:57:28.681767+03:00
3010.SR,Arabian Cement Company,Tadawul,2024,3,2024-09-30,224937000.00,68066000.00,45785000.00,47781000.00,39700000.00,2025-09-30 21:57:28.681767+03:00,2025-09-30 21:57:28.681767+03:00
3010.SR,Arabian Cement Company,Tadawul,2024,2,2024-06-30,175219000.00,48640000.00,28868000.00,-4368000.00,-11416000.00,2025-09-30 21:57:28.681767+03:00,2025-09-30 21:57:28.681767+03:00
3010.SR,Arabian Cement Company,Tadawul,2024,1,2024-03-31,,,,,,2025-09-30 21:57:28.681767+03:00,2025-09-30 21:57:28.681767+03:00
3010.SR,Arabian Cement Company,Tadawul,2023,4,2023-12-31,,,,,,2025-09-30 21:57:28.681767+03:00,2025-09-30 21:57:28.681767+03:00
3020.SR,YAMAMA Cement Company,Tadawul,2025,2,2025-06-30,362386859.00,156995319.00,121003787.00,116970399.00,21388396.00,2025-09-30 21:57:32.994028+03:00,2025-09-30 21:57:32.994028+03:00
3020.SR,YAMAMA Cement Company,Tadawul,2025,1,2025-03-31,349029170.00,170835934.00,142079096.00,223467469.00,55857427.00,2025-09-30 21:57:32.994028+03:00,2025-09-30 21:57:32.994028+03:00
3020.SR,YAMAMA Cement Company,Tadawul,2024,4,2024-12-31,370364438.00,157932025.00,123121481.00,370203375.00,-128871696.00,2025-09-30 21:57:32.994028+03:00,2025-09-30 21:57:32.994028+03:00
3020.SR,YAMAMA Cement Company,Tadawul,2024,3,2024-09-30,285183413.00,123811415.00,97934024.00,116860243.00,-196716853.00,2025-09-30 21:57:32.994028+03:00,2025-09-30 21:57:32.994028+03:00
3020.SR,YAMAMA Cement Company,Tadawul,2024,2,2024-06-30,243722030.00,110366972.00,84616828.00,-4483767.00,-105504125.00,2025-09-30 21:57:32.994028+03:00,2025-09-30 21:57:32.994028+03:00
3020.SR,YAMAMA Cement Company,Tadawul,2024,1,2024-03-31,,,,,,2025-09-30 21:57:32.994028+03:00,2025-09-30 21:57:32.994028+03:00
3030.SR,Saudi Cement Company,Tadawul,2025,2,2025-06-30,431530000.00,154984000.00,95462000.00,127597000.00,101405000.00,2025-09-30 21:57:37.376595+03:00,2025-09-30 21:57:37.376595+03:00
3030.SR,Saudi Cement Company,Tadawul,2025,1,2025-03-31,418249000.00,172595000.00,108490000.00,137725000.00,93875000.00,2025-09-30 21:57:37.376595+03:00,2025-09-30 21:57:37.376595+03:00
3030.SR,Saudi Cement Company,Tadawul,2024,4,2024-12-31,484044000.00,194280000.00,120591000.00,174366000.00,165174000.00,2025-09-30 21:57:37.376595+03:00,2025-09-30 21:57:37.376595+03:00
3030.SR,Saudi Cement Company,Tadawul,2024,3,2024-09-30,387109000.00,154311000.00,100179000.00,148994000.00,128976000.00,2025-09-30 21:57:37.376595+03:00,2025-09-30 21:57:37.376595+03:00
3030.SR,Saudi Cement Company,Tadawul,2024,2,2024-06-30,378133000.00,144011000.00,87345000.00,111898000.00,76607000.00,2025-09-30 21:57:37.376595+03:00,2025-09-30 21:57:37.376595+03:00
3030.SR,Saudi Cement Company,Tadawul,2024,1,2024-03-31,,,,,,2025-09-30 21:57:37.376595+03:00,2025-09-30 21:57:37.376595+03:00
3030.SR,Saudi Cement Company,Tadawul,2023,4,2023-12-31,,,,,,2025-09-30 21:57:37.376595+03:00,2025-09-30 21:57:37.376595+03:00
3040.SR,Qassim Cement Company,Tadawul,2025,2,2025-06-30,293469724.00,72824087.00,61064129.00,47549234.00,40036313.00,2025-09-30 21:57:41.794801+03:00,2025-09-30 21:57:41.794801+03:00
3040.SR,Qassim Cement Company,Tadawul,2025,1,2025-03-31,302683904.00,93543630.00,94081516.00,80124934.00,64105060.00,2025-09-30 21:57:41.794801+03:00,2025-09-30 21:57:41.794801+03:00
3040.SR,Qassim Cement Company,Tadawul,2024,4,2024-12-31,302982764.00,94300277.00,81802002.00,114494764.00,101456408.00,2025-09-30 21:57:41.794801+03:00,2025-09-30 21:57:41.794801+03:00
3040.SR,Qassim Cement Company,Tadawul,2024,3,2024-09-30,264877634.00,77316513.00,72434479.00,93079488.00,61683626.00,2025-09-30 21:57:41.794801+03:00,2025-09-30 21:57:41.794801+03:00
3040.SR,Qassim Cement Company,Tadawul,2024,2,2024-06-30,203300720.00,78048537.00,71417082.00,20740008.00,10279697.00,2025-09-30 21:57:41.794801+03:00,2025-09-30 21:57:41.794801+03:00
3040.SR,Qassim Cement Company,Tadawul,2024,1,2024-03-31,,,,,,2025-09-30 21:57:41.794801+03:00,2025-09-30 21:57:41.794801+03:00
3040.SR,Qassim Cement Company,Tadawul,2023,4,2023-12-31,,,,,,2025-09-30 21:57:41.794801+03:00,2025-09-30 21:57:41.794801+03:00
3050.SR,Southern Province Cement Company,Tadawul,2025,2,2025-06-30,195004257.00,40242472.00,15267679.00,42610232.00,-214259650.00,2025-09-30 21:57:46.124728+03:00,2025-09-30 21:57:46.124728+03:00
3050.SR,Southern Province Cement Company,Tadawul,2025,1,2025-03-31,219556574.00,47156052.00,26830538.00,-23221987.00,-260027104.00,2025-09-30 21:57:46.124728+03:00,2025-09-30 21:57:46.124728+03:00
3050.SR,Southern Province Cement Company,Tadawul,2024,4,2024-12-31,237522807.00,124709391.00,98570422.00,112073065.00,-123842392.00,2025-09-30 21:57:46.124728+03:00,2025-09-30 21:57:46.124728+03:00
3050.SR,Southern Province Cement Company,Tadawul,2024,3,2024-09-30,232518100.00,71514563.00,53052772.00,50095172.00,-32159026.00,2025-09-30 21:57:46.124728+03:00,2025-09-30 21:57:46.124728+03:00
3050.SR,Southern Province Cement Company,Tadawul,2024,2,2024-06-30,214315123.00,54545280.00,30000090.00,-3538898.00,-37735230.00,2025-09-30 21:57:46.124728+03:00,2025-09-30 21:57:46.124728+03:00
3050.SR,Southern Province Cement Company,Tadawul,2024,1,2024-03-31,,,,,,2025-09-30 21:57:46.124728+03:00,2025-09-30 21:57:46.124728+03:00
3060.SR,Yanbu Cement Company,Tadawul,2025,2,2025-06-30,274295650.00,69574122.00,21618807.00,49526265.00,45752194.00,2025-09-30 21:57:50.504040+03:00,2025-09-30 21:57:50.504040+03:00
3060.SR,Yanbu Cement Company,Tadawul,2025,1,2025-03-31,266443471.00,75085470.00,29907575.00,94824210.00,91032246.00,2025-09-30 21:57:50.504040+03:00,2025-09-30 21:57:50.504040+03:00
3060.SR,Yanbu Cement Company,Tadawul,2024,4,2024-12-31,247884374.00,89350386.00,27953050.00,69484911.00,53444934.00,2025-09-30 21:57:50.504040+03:00,2025-09-30 21:57:50.504040+03:00
3060.SR,Yanbu Cement Company,Tadawul,2024,3,2024-09-30,199867270.00,54310225.00,31095257.00,95301975.00,88177964.00,2025-09-30 21:57:50.504040+03:00,2025-09-30 21:57:50.504040+03:00
3060.SR,Yanbu Cement Company,Tadawul,2024,2,2024-06-30,202166010.00,72497951.00,39766117.00,4359950.00,-7787526.00,2025-09-30 21:57:50.504040+03:00,2025-09-30 21:57:50.504040+03:00
3060.SR,Yanbu Cement Company,Tadawul,2024,1,2024-03-31,,,,,,2025-09-30 21:57:50.504040+03:00,2025-09-30 21:57:50.504040+03:00
3080.SR,Eastern Province Cement Company,Tadawul,2025,2,2025-06-30,310728000.00,93138000.00,63353000.00,22050000.00,-123943000.00,2025-09-30 21:57:54.797078+03:00,2025-09-30 21:57:54.797078+03:00
3080.SR,Eastern Province Cement Company,Tadawul,2025,1,2025-03-31,298524000.00,97029000.00,62081000.00,99774000.00,44004000.00,2025-09-30 21:57:54.797078+03:00,2025-09-30 21:57:54.797078+03:00
3080.SR,Eastern Province Cement Company,Tadawul,2024,4,2024-12-31,346032000.00,115725000.00,78361000.00,121424000.00,70274000.00,2025-09-30 21:57:54.797078+03:00,2025-09-30 21:57:54.797078+03:00
3080.SR,Eastern Province Cement Company,Tadawul,2024,3,2024-09-30,279722000.00,78172000.00,41154000.00,93829000.00,39896000.00,2025-09-30 21:57:54.797078+03:00,2025-09-30 21:57:54.797078+03:00
3080.SR,Eastern Province Cement Company,Tadawul,2024,2,2024-06-30,268639000.00,83930000.00,55380000.00,83329000.00,58228000.00,2025-09-30 21:57:54.797078+03:00,2025-09-30 21:57:54.797078+03:00
3080.SR,Eastern Province Cement Company,Tadawul,2024,1,2024-03-31,,,,,,2025-09-30 21:57:54.797078+03:00,2025-09-30 21:57:54.797078+03:00
3080.SR,Eastern Province Cement Company,Tadawul,2023,4,2023-12-31,,,,,,2025-09-30 21:57:54.797078+03:00,2025-09-30 21:57:54.797078+03:00
3090.SR,Tabuk Cement Company,Tadawul,2025,2,2025-06-30,69412816.00,20483502.00,14126040.00,9410613.00,5899623.00,2025-09-30 21:57:59.127080+03:00,2025-09-30 21:57:59.127080+03:00
3090.SR,Tabuk Cement Company,Tadawul,2025,1,2025-03-31,67679110.00,20500297.00,13043393.00,-5902295.00,-6657780.00,2025-09-30 21:57:59.127080+03:00,2025-09-30 21:57:59.127080+03:00
3090.SR,Tabuk Cement Company,Tadawul,2024,4,2024-12-31,80759491.00,16317613.00,9058658.00,66030707.00,61249960.00,2025-09-30 21:57:59.127080+03:00,2025-09-30 21:57:59.127080+03:00
3090.SR,Tabuk Cement Company,Tadawul,2024,3,2024-09-30,90119140.00,28157636.00,23049507.00,42097953.00,39820861.00,2025-09-30 21:57:59.127080+03:00,2025-09-30 21:57:59.127080+03:00
3090.SR,Tabuk Cement Company,Tadawul,2024,2,2024-06-30,85438642.00,27429075.00,29258284.00,39513959.00,37200160.00,2025-09-30 21:57:59.127080+03:00,2025-09-30 21:57:59.127080+03:00
3090.SR,Tabuk Cement Company,Tadawul,2024,1,2024-03-31,,,,,,2025-09-30 21:57:59.127080+03:00,2025-09-30 21:57:59.127080+03:00
3090.SR,Tabuk Cement Company,Tadawul,2023,4,2023-12-31,,,,,,2025-09-30 21:57:59.127080+03:00,2025-09-30 21:57:59.127080+03:00
3091.SR,Al Jouf Cement Company,Tadawul,2025,2,2025-06-30,69229619.00,3199272.00,-23391848.00,19807484.00,18759824.00,2025-09-30 21:58:03.345174+03:00,2025-09-30 21:58:03.345174+03:00
3091.SR,Al Jouf Cement Company,Tadawul,2025,1,2025-03-31,68498213.00,2007321.00,-15235089.00,19544303.00,19405284.00,2025-09-30 21:58:03.345174+03:00,2025-09-30 21:58:03.345174+03:00
3091.SR,Al Jouf Cement Company,Tadawul,2024,4,2024-12-31,21564861.00,-61791613.00,-58345640.00,8618136.00,4180633.00,2025-09-30 21:58:03.345174+03:00,2025-09-30 21:58:03.345174+03:00
3091.SR,Al Jouf Cement Company,Tadawul,2024,3,2024-09-30,74933203.00,21384983.00,10037477.00,-81968162.00,-82668162.00,2025-09-30 21:58:03.345174+03:00,2025-09-30 21:58:03.345174+03:00
3091.SR,Al Jouf Cement Company,Tadawul,2024,2,2024-06-30,59765080.00,9755912.00,-10070492.00,6394601.00,6342687.00,2025-09-30 21:58:03.345174+03:00,2025-09-30 21:58:03.345174+03:00
3091.SR,Al Jouf Cement Company,Tadawul,2024,1,2024-03-31,,,,,,2025-09-30 21:58:03.345174+03:00,2025-09-30 21:58:03.345174+03:00
3091.SR,Al Jouf Cement Company,Tadawul,2023,4,2023-12-31,,,,,,2025-09-30 21:58:03.345174+03:00,2025-09-30 21:58:03.345174+03:00
3092.SR,Riyadh Cement Company,Tadawul,2025,2,2025-06-30,190886887.00,68797559.00,57468667.00,39106848.00,-8180424.00,2025-09-30 21:58:12.085842+03:00,2025-09-30 21:58:12.085842+03:00
3092.SR,Riyadh Cement Company,Tadawul,2025,1,2025-03-31,225226505.00,85850545.00,75682159.00,86338813.00,53940732.00,2025-09-30 21:58:12.085842+03:00,2025-09-30 21:58:12.085842+03:00
3092.SR,Riyadh Cement Company,Tadawul,2024,4,2024-12-31,233844179.00,88760766.00,81331442.00,164251011.00,100005822.00,2025-09-30 21:58:12.085842+03:00,2025-09-30 21:58:12.085842+03:00
3092.SR,Riyadh Cement Company,Tadawul,2024,3,2024-09-30,203006160.00,83911952.00,94579535.00,103014947.00,93651213.00,2025-09-30 21:58:12.085842+03:00,2025-09-30 21:58:12.085842+03:00
3092.SR,Riyadh Cement Company,Tadawul,2024,2,2024-06-30,163653286.00,79338271.00,64424825.00,60978133.00,58593353.00,2025-09-30 21:58:12.085842+03:00,2025-09-30 21:58:12.085842+03:00
3092.SR,Riyadh Cement Company,Tadawul,2024,1,2024-03-31,,,,,,2025-09-30 21:58:12.085842+03:00,2025-09-30 21:58:12.085842+03:00
4001.SR,Abdullah Al-Othaim Markets Company,Tadawul,2025,2,2025-06-30,2535241682.00,578838004.00,41139186.00,-272927404.00,-332701464.00,2025-09-30 22:03:13.646406+03:00,2025-09-30 22:03:13.646406+03:00
4001.SR,Abdullah Al-Othaim Markets Company,Tadawul,2025,1,2025-03-31,3133040470.00,632040475.00,76361482.00,614005008.00,513841466.00,2025-09-30 22:03:13.646406+03:00,2025-09-30 22:03:13.646406+03:00
4001.SR,Abdullah Al-Othaim Markets Company,Tadawul,2024,4,2024-12-31,2650021644.00,678531422.00,286485472.00,230295810.00,101038527.00,2025-09-30 22:03:13.646406+03:00,2025-09-30 22:03:13.646406+03:00
4001.SR,Abdullah Al-Othaim Markets Company,Tadawul,2024,3,2024-09-30,2563100846.00,564819403.00,75389606.00,105230027.00,-60857654.00,2025-09-30 22:03:13.646406+03:00,2025-09-30 22:03:13.646406+03:00
4001.SR,Abdullah Al-Othaim Markets Company,Tadawul,2024,2,2024-06-30,2463730436.00,541072533.00,40856231.00,-61986941.00,-209356236.00,2025-09-30 22:03:13.646406+03:00,2025-09-30 22:03:13.646406+03:00
4001.SR,Abdullah Al-Othaim Markets Company,Tadawul,2024,1,2024-03-31,,,,,,2025-09-30 22:03:13.646406+03:00,2025-09-30 22:03:13.646406+03:00
4001.SR,Abdullah Al-Othaim Markets Company,Tadawul,2023,4,2023-12-31,,,,,,2025-09-30 22:03:13.646406+03:00,2025-09-30 22:03:13.646406+03:00
4002.SR,Mouwasat Medical Services Company,Tadawul,2025,2,2025-06-30,796354732.00,356419530.00,186965271.00,74413810.00,-73421537.00,2025-09-30 22:20:07.815670+03:00,2025-09-30 22:20:07.815670+03:00
4002.SR,Mouwasat Medical Services Company,Tadawul,2025,1,2025-03-31,764347371.00,347201336.00,197048144.00,264515885.00,203219652.00,2025-09-30 22:20:07.815670+03:00,2025-09-30 22:20:07.815670+03:00
4002.SR,Mouwasat Medical Services Company,Tadawul,2024,4,2024-12-31,755546552.00,317770859.00,171837988.00,444951131.00,306238149.00,2025-09-30 22:20:07.815670+03:00,2025-09-30 22:20:07.815670+03:00
4002.SR,Mouwasat Medical Services Company,Tadawul,2024,3,2024-09-30,710744465.00,317933675.00,149644517.00,272334216.00,177116683.00,2025-09-30 22:20:07.815670+03:00,2025-09-30 22:20:07.815670+03:00
4002.SR,Mouwasat Medical Services Company,Tadawul,2024,2,2024-06-30,690297071.00,307432819.00,152695116.00,296454281.00,196988294.00,2025-09-30 22:20:07.815670+03:00,2025-09-30 22:20:07.815670+03:00
4002.SR,Mouwasat Medical Services Company,Tadawul,2024,1,2024-03-31,,,,,,2025-09-30 22:20:07.815670+03:00,2025-09-30 22:20:07.815670+03:00
4003.SR,United Electronics Company,Tadawul,2025,2,2025-06-30,2124708000.00,455169000.00,106543000.00,-7222000.00,-32140000.00,2025-09-30 22:02:43.286469+03:00,2025-09-30 22:02:43.286469+03:00
4003.SR,United Electronics Company,Tadawul,2025,1,2025-03-31,1740668000.00,401121000.00,103444000.00,-53240000.00,-73093000.00,2025-09-30 22:02:43.286469+03:00,2025-09-30 22:02:43.286469+03:00
4003.SR,United Electronics Company,Tadawul,2024,4,2024-12-31,1675070000.00,432355000.00,171103000.00,-92759000.00,-107466000.00,2025-09-30 22:02:43.286469+03:00,2025-09-30 22:02:43.286469+03:00
4003.SR,United Electronics Company,Tadawul,2024,3,2024-09-30,1603389000.00,390198000.00,156325000.00,13245000.00,4708000.00,2025-09-30 22:02:43.286469+03:00,2025-09-30 22:02:43.286469+03:00
4003.SR,United Electronics Company,Tadawul,2024,2,2024-06-30,1921321000.00,390758000.00,106604000.00,-36596000.00,-53836000.00,2025-09-30 22:02:43.286469+03:00,2025-09-30 22:02:43.286469+03:00
4003.SR,United Electronics Company,Tadawul,2024,1,2024-03-31,,,,,,2025-09-30 22:02:43.286469+03:00,2025-09-30 22:02:43.286469+03:00
4004.SR,Dallah Healthcare Company,Tadawul,2025,2,2025-06-30,1062433381.00,375881164.00,124260224.00,-36426309.00,-124071940.00,2025-09-30 22:20:12.322594+03:00,2025-09-30 22:20:12.322594+03:00
4004.SR,Dallah Healthcare Company,Tadawul,2025,1,2025-03-31,832752814.00,297609829.00,155560410.00,273892834.00,108020522.00,2025-09-30 22:20:12.322594+03:00,2025-09-30 22:20:12.322594+03:00
4004.SR,Dallah Healthcare Company,Tadawul,2024,4,2024-12-31,808760473.00,292763791.00,113904424.00,168725125.00,73963374.00,2025-09-30 22:20:12.322594+03:00,2025-09-30 22:20:12.322594+03:00
4004.SR,Dallah Healthcare Company,Tadawul,2024,3,2024-09-30,847733869.00,322986602.00,126154746.00,245694984.00,92840523.00,2025-09-30 22:20:12.322594+03:00,2025-09-30 22:20:12.322594+03:00
4004.SR,Dallah Healthcare Company,Tadawul,2024,2,2024-06-30,765183564.00,297726879.00,111844362.00,90403787.00,25887168.00,2025-09-30 22:20:12.322594+03:00,2025-09-30 22:20:12.322594+03:00
4004.SR,Dallah Healthcare Company,Tadawul,2024,1,2024-03-31,,,,,,2025-09-30 22:20:12.322594+03:00,2025-09-30 22:20:12.322594+03:00
4005.SR,National Medical Care Company,Tadawul,2025,2,2025-06-30,397872152.00,147482843.00,79940562.00,-77109801.00,-102488244.00,2025-09-30 22:20:03.275905+03:00,2025-09-30 22:20:03.275905+03:00
4005.SR,National Medical Care Company,Tadawul,2025,1,2025-03-31,385320456.00,142978397.00,85365273.00,157470971.00,134759312.00,2025-09-30 22:20:03.275905+03:00,2025-09-30 22:20:03.275905+03:00
4005.SR,National Medical Care Company,Tadawul,2024,4,2024-12-31,372540567.00,124225828.00,87190959.00,299119346.00,267056229.00,2025-09-30 22:20:03.275905+03:00,2025-09-30 22:20:03.275905+03:00
4005.SR,National Medical Care Company,Tadawul,2024,3,2024-09-30,325765762.00,111506571.00,60189365.00,-37219188.00,-63526712.00,2025-09-30 22:20:03.275905+03:00,2025-09-30 22:20:03.275905+03:00
4005.SR,National Medical Care Company,Tadawul,2024,2,2024-06-30,296817981.00,108154794.00,69495897.00,-63676064.00,-88204069.00,2025-09-30 22:20:03.275905+03:00,2025-09-30 22:20:03.275905+03:00
4005.SR,National Medical Care Company,Tadawul,2024,1,2024-03-31,,,,,,2025-09-30 22:20:03.275905+03:00,2025-09-30 22:20:03.275905+03:00
4006.SR,Saudi Marketing Company,Tadawul,2025,2,2025-06-30,438010648.00,146760456.00,7878230.00,23912445.00,-344917.00,2025-09-30 22:03:09.271334+03:00,2025-09-30 22:03:09.271334+03:00
4006.SR,Saudi Marketing Company,Tadawul,2025,1,2025-03-31,469654173.00,154656078.00,5719844.00,58988499.00,31671633.00,2025-09-30 22:03:09.271334+03:00,2025-09-30 22:03:09.271334+03:00
4006.SR,Saudi Marketing Company,Tadawul,2024,4,2024-12-31,469134155.00,152002173.00,4964764.00,45827066.00,24445259.00,2025-09-30 22:03:09.271334+03:00,2025-09-30 22:03:09.271334+03:00
4006.SR,Saudi Marketing Company,Tadawul,2024,3,2024-09-30,449150068.00,145079680.00,7087388.00,38110311.00,13687155.00,2025-09-30 22:03:09.271334+03:00,2025-09-30 22:03:09.271334+03:00
4006.SR,Saudi Marketing Company,Tadawul,2024,2,2024-06-30,440063000.00,145937086.00,6528140.00,23196344.00,-35840754.00,2025-09-30 22:03:09.271334+03:00,2025-09-30 22:03:09.271334+03:00
4006.SR,Saudi Marketing Company,Tadawul,2024,1,2024-03-31,,,,,,2025-09-30 22:03:09.271334+03:00,2025-09-30 22:03:09.271334+03:00
4007.SR,Al Hammadi Holding Company,Tadawul,2025,2,2025-06-30,298239430.00,92993020.00,61963568.00,5626530.00,-16820766.00,2025-09-30 22:20:17.046876+03:00,2025-09-30 22:20:17.046876+03:00
4007.SR,Al Hammadi Holding Company,Tadawul,2025,1,2025-03-31,301880733.00,96506375.00,73926321.00,105220067.00,101128025.00,2025-09-30 22:20:17.046876+03:00,2025-09-30 22:20:17.046876+03:00
4007.SR,Al Hammadi Holding Company,Tadawul,2024,4,2024-12-31,322789603.00,109606344.00,77762345.00,72137452.00,-121755256.00,2025-09-30 22:20:17.046876+03:00,2025-09-30 22:20:17.046876+03:00
4007.SR,Al Hammadi Holding Company,Tadawul,2024,3,2024-09-30,290592803.00,96051462.00,79125648.00,143106560.00,134461665.00,2025-09-30 22:20:17.046876+03:00,2025-09-30 22:20:17.046876+03:00
4007.SR,Al Hammadi Holding Company,Tadawul,2024,2,2024-06-30,263458181.00,85739614.00,117871356.00,105948930.00,100803345.00,2025-09-30 22:20:17.046876+03:00,2025-09-30 22:20:17.046876+03:00
4007.SR,Al Hammadi Holding Company,Tadawul,2024,1,2024-03-31,,,,,,2025-09-30 22:20:17.046876+03:00,2025-09-30 22:20:17.046876+03:00
4008.SR,Saudi Company for Hardware SACO,Tadawul,2025,2,2025-06-30,253368235.00,40761794.00,5080527.00,33581036.00,32213023.00,2025-09-30 22:02:34.683438+03:00,2025-09-30 22:02:34.683438+03:00
4008.SR,Saudi Company for Hardware SACO,Tadawul,2025,1,2025-03-31,261322792.00,38253870.00,5074182.00,25556099.00,22954812.00,2025-09-30 22:02:34.683438+03:00,2025-09-30 22:02:34.683438+03:00
4008.SR,Saudi Company for Hardware SACO,Tadawul,2024,4,2024-12-31,279080359.00,43698656.00,3428239.00,-22013700.00,-24185936.00,2025-09-30 22:02:34.683438+03:00,2025-09-30 22:02:34.683438+03:00
4008.SR,Saudi Company for Hardware SACO,Tadawul,2024,3,2024-09-30,245445405.00,33059629.00,-8981078.00,-769953.00,-10113058.00,2025-09-30 22:02:34.683438+03:00,2025-09-30 22:02:34.683438+03:00
4008.SR,Saudi Company for Hardware SACO,Tadawul,2024,2,2024-06-30,236519390.00,30858977.00,-3982919.00,-23527445.00,-28675112.00,2025-09-30 22:02:34.683438+03:00,2025-09-30 22:02:34.683438+03:00
4008.SR,Saudi Company for Hardware SACO,Tadawul,2024,1,2024-03-31,,,,,,2025-09-30 22:02:34.683438+03:00,2025-09-30 22:02:34.683438+03:00
4008.SR,Saudi Company for Hardware SACO,Tadawul,2023,4,2023-12-31,,,,,,2025-09-30 22:02:34.683438+03:00,2025-09-30 22:02:34.683438+03:00
4009.SR,Middle East Healthcare Company,Tadawul,2025,2,2025-06-30,791129595.00,308039618.00,63665089.00,-103754516.00,-209148591.00,2025-09-30 22:20:21.537023+03:00,2025-09-30 22:20:21.537023+03:00
4009.SR,Middle East Healthcare Company,Tadawul,2025,1,2025-03-31,733740089.00,283653693.00,160134095.00,289561254.00,233634315.00,2025-09-30 22:20:21.537023+03:00,2025-09-30 22:20:21.537023+03:00
4009.SR,Middle East Healthcare Company,Tadawul,2024,4,2024-12-31,748877187.00,282073733.00,107143540.00,128366206.00,54148915.00,2025-09-30 22:20:21.537023+03:00,2025-09-30 22:20:21.537023+03:00
4009.SR,Middle East Healthcare Company,Tadawul,2024,3,2024-09-30,732074333.00,292901332.00,61744422.00,397722736.00,99585011.00,2025-09-30 22:20:21.537023+03:00,2025-09-30 22:20:21.537023+03:00
4009.SR,Middle East Healthcare Company,Tadawul,2024,2,2024-06-30,712656927.00,279065116.00,62876948.00,41916165.00,-27171807.00,2025-09-30 22:20:21.537023+03:00,2025-09-30 22:20:21.537023+03:00
4009.SR,Middle East Healthcare Company,Tadawul,2024,1,2024-03-31,,,,,,2025-09-30 22:20:21.537023+03:00,2025-09-30 22:20:21.537023+03:00
4011.SR,L'azurde Company for Jewelry,Tadawul,2025,2,2025-06-30,659619900.00,51709063.00,-25844265.00,9225076.00,7703686.00,2025-09-30 22:00:36.166382+03:00,2025-09-30 22:00:36.166382+03:00
4011.SR,L'azurde Company for Jewelry,Tadawul,2025,1,2025-03-31,721247954.00,71638671.00,13347324.00,35731824.00,31181136.00,2025-09-30 22:00:36.166382+03:00,2025-09-30 22:00:36.166382+03:00
4011.SR,L'azurde Company for Jewelry,Tadawul,2024,4,2024-12-31,411487204.00,-7803849.00,-13116403.00,24341650.00,20537309.00,2025-09-30 22:00:36.166382+03:00,2025-09-30 22:00:36.166382+03:00
4011.SR,L'azurde Company for Jewelry,Tadawul,2024,3,2024-09-30,625917275.00,69648084.00,-7186228.00,24633274.00,21659070.00,2025-09-30 22:00:36.166382+03:00,2025-09-30 22:00:36.166382+03:00
4011.SR,L'azurde Company for Jewelry,Tadawul,2024,2,2024-06-30,511537655.00,53486098.00,4019630.00,-1980800.00,-6990408.00,2025-09-30 22:00:36.166382+03:00,2025-09-30 22:00:36.166382+03:00
4011.SR,L'azurde Company for Jewelry,Tadawul,2024,1,2024-03-31,,,,,,2025-09-30 22:00:36.166382+03:00,2025-09-30 22:00:36.166382+03:00
4012.SR,Thob Al Aseel Company,Tadawul,2025,2,2025-06-30,87355060.00,36305592.00,9226537.00,-18103806.00,-21540181.00,2025-09-30 22:00:27.503149+03:00,2025-09-30 22:00:27.503149+03:00
4012.SR,Thob Al Aseel Company,Tadawul,2025,1,2025-03-31,225480068.00,98965564.00,63026083.00,140423660.00,139411809.00,2025-09-30 22:00:27.503149+03:00,2025-09-30 22:00:27.503149+03:00
4012.SR,Thob Al Aseel Company,Tadawul,2024,4,2024-12-31,116303046.00,49860532.00,11593529.00,106699491.00,104793417.00,2025-09-30 22:00:27.503149+03:00,2025-09-30 22:00:27.503149+03:00
4012.SR,Thob Al Aseel Company,Tadawul,2024,3,2024-09-30,78559900.00,31831113.00,5587418.00,-24253315.00,-26190460.00,2025-09-30 22:00:27.503149+03:00,2025-09-30 22:00:27.503149+03:00
4012.SR,Thob Al Aseel Company,Tadawul,2024,2,2024-06-30,116429772.00,52849840.00,26671224.00,30354982.00,29326682.00,2025-09-30 22:00:27.503149+03:00,2025-09-30 22:00:27.503149+03:00
4012.SR,Thob Al Aseel Company,Tadawul,2024,1,2024-03-31,,,,,,2025-09-30 22:00:27.503149+03:00,2025-09-30 22:00:27.503149+03:00
4013.SR,Dr. Sulaiman Al Habib Medical Services Group Company,Tadawul,2025,2,2025-06-30,3384328957.00,1065983776.00,591020007.00,462765285.00,-286850988.00,2025-09-30 22:19:57.963317+03:00,2025-09-30 22:19:57.963317+03:00
4013.SR,Dr. Sulaiman Al Habib Medical Services Group Company,Tadawul,2025,1,2025-03-31,3157779769.00,1028310396.00,557009075.00,733591497.00,-200730127.00,2025-09-30 22:19:57.963317+03:00,2025-09-30 22:19:57.963317+03:00
4013.SR,Dr. Sulaiman Al Habib Medical Services Group Company,Tadawul,2024,4,2024-12-31,3128848023.00,996805141.00,613773350.00,1090740841.00,142273947.00,2025-09-30 22:19:57.963317+03:00,2025-09-30 22:19:57.963317+03:00
4013.SR,Dr. Sulaiman Al Habib Medical Services Group Company,Tadawul,2024,3,2024-09-30,2976560552.00,992096064.00,595543691.00,972715123.00,74779724.00,2025-09-30 22:19:57.963317+03:00,2025-09-30 22:19:57.963317+03:00
4013.SR,Dr. Sulaiman Al Habib Medical Services Group Company,Tadawul,2024,2,2024-06-30,2573616340.00,878027251.00,555025120.00,111189956.00,-808624484.00,2025-09-30 22:19:57.963317+03:00,2025-09-30 22:19:57.963317+03:00
4013.SR,Dr. Sulaiman Al Habib Medical Services Group Company,Tadawul,2024,1,2024-03-31,,,,,,2025-09-30 22:19:57.963317+03:00,2025-09-30 22:19:57.963317+03:00
4014.SR,Scientific and Medical Equipment House Company,Tadawul,2025,2,2025-06-30,272036178.00,38742583.00,12371320.00,-84823426.00,-86166872.00,2025-09-30 22:19:49.124124+03:00,2025-09-30 22:19:49.124124+03:00
4014.SR,Scientific and Medical Equipment House Company,Tadawul,2025,1,2025-03-31,221733292.00,33266141.00,7689081.00,52878817.00,50285908.00,2025-09-30 22:19:49.124124+03:00,2025-09-30 22:19:49.124124+03:00
4014.SR,Scientific and Medical Equipment House Company,Tadawul,2024,4,2024-12-31,227227513.00,26508007.00,-1170378.00,22379947.00,20981986.00,2025-09-30 22:19:49.124124+03:00,2025-09-30 22:19:49.124124+03:00
4014.SR,Scientific and Medical Equipment House Company,Tadawul,2024,3,2024-09-30,218385114.00,34778779.00,10909564.00,130757700.00,129689407.00,2025-09-30 22:19:49.124124+03:00,2025-09-30 22:19:49.124124+03:00
4014.SR,Scientific and Medical Equipment House Company,Tadawul,2024,2,2024-06-30,215444254.00,34939647.00,7661663.00,24769092.00,23419915.00,2025-09-30 22:19:49.124124+03:00,2025-09-30 22:19:49.124124+03:00
4014.SR,Scientific and Medical Equipment House Company,Tadawul,2024,1,2024-03-31,,,,,,2025-09-30 22:19:49.124124+03:00,2025-09-30 22:19:49.124124+03:00
4015.SR,Jamjoom Pharmaceuticals Factory Company,Tadawul,2025,2,2025-06-30,396221795.00,250796357.00,132024076.00,70554038.00,54757003.00,2025-09-30 22:20:38.659968+03:00,2025-09-30 22:20:38.659968+03:00
4015.SR,Jamjoom Pharmaceuticals Factory Company,Tadawul,2025,1,2025-03-31,457526493.00,292845823.00,157034814.00,-6053540.00,-17171182.00,2025-09-30 22:20:38.659968+03:00,2025-09-30 22:20:38.659968+03:00
4015.SR,Jamjoom Pharmaceuticals Factory Company,Tadawul,2024,4,2024-12-31,259702767.00,158510373.00,51608257.00,153377461.00,143140930.00,2025-09-30 22:20:38.659968+03:00,2025-09-30 22:20:38.659968+03:00
4015.SR,Jamjoom Pharmaceuticals Factory Company,Tadawul,2024,3,2024-09-30,327576379.00,194405629.00,94993345.00,87249042.00,76876678.00,2025-09-30 22:20:38.659968+03:00,2025-09-30 22:20:38.659968+03:00
4015.SR,Jamjoom Pharmaceuticals Factory Company,Tadawul,2024,2,2024-06-30,345735704.00,218183016.00,106953231.00,69571709.00,54869927.00,2025-09-30 22:20:38.659968+03:00,2025-09-30 22:20:38.659968+03:00
4015.SR,Jamjoom Pharmaceuticals Factory Company,Tadawul,2024,1,2024-03-31,,,,,,2025-09-30 22:20:38.659968+03:00,2025-09-30 22:20:38.659968+03:00
4016.SR,Middle East Pharmaceutical Industries Company,Tadawul,2025,2,2025-06-30,117655794.00,73631966.00,24810938.00,30014570.00,17747050.00,2025-09-30 22:20:44.469191+03:00,2025-09-30 22:20:44.469191+03:00
4016.SR,Middle East Pharmaceutical Industries Company,Tadawul,2025,1,2025-03-31,97361107.00,60267395.00,19398281.00,23225127.00,15368589.00,2025-09-30 22:20:44.469191+03:00,2025-09-30 22:20:44.469191+03:00
4016.SR,Middle East Pharmaceutical Industries Company,Tadawul,2024,4,2024-12-31,135987733.00,85787964.00,44807116.00,22783634.00,17129748.00,2025-09-30 22:20:44.469191+03:00,2025-09-30 22:20:44.469191+03:00
4016.SR,Middle East Pharmaceutical Industries Company,Tadawul,2024,3,2024-09-30,81061286.00,46773240.00,3867194.00,-29495915.00,-33559842.00,2025-09-30 22:20:44.469191+03:00,2025-09-30 22:20:44.469191+03:00
4016.SR,Middle East Pharmaceutical Industries Company,Tadawul,2024,2,2024-06-30,101131848.00,63282780.00,21805847.00,10869619.00,6902935.00,2025-09-30 22:20:44.469191+03:00,2025-09-30 22:20:44.469191+03:00
4016.SR,Middle East Pharmaceutical Industries Company,Tadawul,2024,1,2024-03-31,,,,,,2025-09-30 22:20:44.469191+03:00,2025-09-30 22:20:44.469191+03:00
4016.SR,Middle East Pharmaceutical Industries Company,Tadawul,2023,4,2023-12-31,,,,,,2025-09-30 22:20:44.469191+03:00,2025-09-30 22:20:44.469191+03:00
4017.SR,Dr. Soliman Abdel Kader Fakeeh ,Tadawul,2025,2,2025-06-30,811844000.00,180616000.00,82119000.00,-118642000.00,-209180000.00,2025-09-30 22:19:53.442166+03:00,2025-09-30 22:19:53.442166+03:00
4017.SR,Dr. Soliman Abdel Kader Fakeeh ,Tadawul,2025,1,2025-03-31,701018000.00,176136000.00,72204000.00,85049000.00,-106670000.00,2025-09-30 22:19:53.442166+03:00,2025-09-30 22:19:53.442166+03:00
4017.SR,Dr. Soliman Abdel Kader Fakeeh ,Tadawul,2024,4,2024-12-31,742682550.00,164761376.00,73768971.00,188337096.00,-84960727.00,2025-09-30 22:19:53.442166+03:00,2025-09-30 22:19:53.442166+03:00
4017.SR,Dr. Soliman Abdel Kader Fakeeh ,Tadawul,2024,3,2024-09-30,713822158.00,183819644.00,93593124.00,270544904.00,129426727.00,2025-09-30 22:19:53.442166+03:00,2025-09-30 22:19:53.442166+03:00
4017.SR,Dr. Soliman Abdel Kader Fakeeh ,Tadawul,2024,2,2024-06-30,654041000.00,161874000.00,47465000.00,-94017000.00,-155368000.00,2025-09-30 22:19:53.442166+03:00,2025-09-30 22:19:53.442166+03:00
4017.SR,Dr. Soliman Abdel Kader Fakeeh ,Tadawul,2024,1,2024-03-31,,,,,,2025-09-30 22:19:53.442166+03:00,2025-09-30 22:19:53.442166+03:00
4018.SR,Almoosa Health Company,Tadawul,2025,2,2025-06-30,348965031.00,112087922.00,51772892.00,-13612817.00,-164300776.00,2025-09-30 22:20:25.837719+03:00,2025-09-30 22:20:25.837719+03:00
4018.SR,Almoosa Health Company,Tadawul,2025,1,2025-03-31,322980723.00,98787186.00,51128266.00,43408853.00,-57464184.00,2025-09-30 22:20:25.837719+03:00,2025-09-30 22:20:25.837719+03:00
4018.SR,Almoosa Health Company,Tadawul,2024,2,2024-06-30,284591688.00,75165998.00,-1260146.00,64047502.00,10273034.00,2025-09-30 22:20:25.837719+03:00,2025-09-30 22:20:25.837719+03:00
4018.SR,Almoosa Health Company,Tadawul,2024,1,2024-03-31,277157190.00,78544223.00,13726717.00,27646144.00,-26759552.00,2025-09-30 22:20:25.837719+03:00,2025-09-30 22:20:25.837719+03:00
4019.SR,Specialized Medical Company,Tadawul,2025,2,2025-06-30,379962985.00,101911168.00,36361706.00,,,2025-09-30 22:20:30.063683+03:00,2025-09-30 22:20:30.063683+03:00
4019.SR,Specialized Medical Company,Tadawul,2024,2,2024-06-30,356327062.00,106040081.00,50942721.00,,,2025-09-30 22:20:30.063683+03:00,2025-09-30 22:20:30.063683+03:00
4020.SR,Saudi Real Estate Company,Tadawul,2025,2,2025-06-30,488986000.00,238032000.00,94446000.00,253751000.00,161695000.00,2025-09-30 22:26:15.791466+03:00,2025-09-30 22:26:15.791466+03:00
4020.SR,Saudi Real Estate Company,Tadawul,2025,1,2025-03-31,628075000.00,309692000.00,135173000.00,110100000.00,27256000.00,2025-09-30 22:26:15.791466+03:00,2025-09-30 22:26:15.791466+03:00
4020.SR,Saudi Real Estate Company,Tadawul,2024,4,2024-12-31,744157000.00,319751000.00,188183000.00,526575000.00,421751000.00,2025-09-30 22:26:15.791466+03:00,2025-09-30 22:26:15.791466+03:00
4020.SR,Saudi Real Estate Company,Tadawul,2024,3,2024-09-30,433607000.00,135207000.00,38152000.00,106251000.00,62749000.00,2025-09-30 22:26:15.791466+03:00,2025-09-30 22:26:15.791466+03:00
4020.SR,Saudi Real Estate Company,Tadawul,2024,2,2024-06-30,382326000.00,125299000.00,-14190000.00,-6920000.00,-16455000.00,2025-09-30 22:26:15.791466+03:00,2025-09-30 22:26:15.791466+03:00
4020.SR,Saudi Real Estate Company,Tadawul,2024,1,2024-03-31,,,,,,2025-09-30 22:26:15.791466+03:00,2025-09-30 22:26:15.791466+03:00
4030.SR,The National Shipping Company of Saudi Arabia,Tadawul,2025,2,2025-06-30,2461321000.00,573723000.00,407445000.00,664629000.00,-1012530000.00,2025-09-30 21:50:40.464966+03:00,2025-09-30 21:50:40.464966+03:00
4030.SR,The National Shipping Company of Saudi Arabia,Tadawul,2025,1,2025-03-31,2166635000.00,541422000.00,532823000.00,490228000.00,-1198040000.00,2025-09-30 21:50:40.464966+03:00,2025-09-30 21:50:40.464966+03:00
4030.SR,The National Shipping Company of Saudi Arabia,Tadawul,2024,4,2024-12-31,2216469000.00,501829000.00,474255000.00,997684000.00,-1662415000.00,2025-09-30 21:50:40.464966+03:00,2025-09-30 21:50:40.464966+03:00
4030.SR,The National Shipping Company of Saudi Arabia,Tadawul,2024,3,2024-09-30,2240585000.00,478367000.00,509019000.00,689080000.00,-590085000.00,2025-09-30 21:50:40.464966+03:00,2025-09-30 21:50:40.464966+03:00
4030.SR,The National Shipping Company of Saudi Arabia,Tadawul,2024,2,2024-06-30,2712255000.00,797189000.00,733186000.00,1029130000.00,243932000.00,2025-09-30 21:50:40.464966+03:00,2025-09-30 21:50:40.464966+03:00
4031.SR,Saudi Ground Services Company,Tadawul,2025,2,2025-06-30,688948000.00,137990000.00,99373000.00,225036000.00,180841000.00,2025-09-30 21:59:56.692281+03:00,2025-09-30 21:59:56.692281+03:00
4031.SR,Saudi Ground Services Company,Tadawul,2025,1,2025-03-31,671495000.00,163283000.00,97627000.00,174477000.00,164692000.00,2025-09-30 21:59:56.692281+03:00,2025-09-30 21:59:56.692281+03:00
4031.SR,Saudi Ground Services Company,Tadawul,2024,4,2024-12-31,675483000.00,214688000.00,95760000.00,94766000.00,46788000.00,2025-09-30 21:59:56.692281+03:00,2025-09-30 21:59:56.692281+03:00
4031.SR,Saudi Ground Services Company,Tadawul,2024,3,2024-09-30,668650000.00,140943000.00,81679000.00,38637000.00,-44897000.00,2025-09-30 21:59:56.692281+03:00,2025-09-30 21:59:56.692281+03:00
4031.SR,Saudi Ground Services Company,Tadawul,2024,2,2024-06-30,686514000.00,143876000.00,78433000.00,154302000.00,131630000.00,2025-09-30 21:59:56.692281+03:00,2025-09-30 21:59:56.692281+03:00
4031.SR,Saudi Ground Services Company,Tadawul,2024,1,2024-03-31,,,,,,2025-09-30 21:59:56.692281+03:00,2025-09-30 21:59:56.692281+03:00
4040.SR,Saudi Public Transport Company,Tadawul,2025,2,2025-06-30,503099000.00,77834000.00,35271000.00,-104447000.00,-133760000.00,2025-09-30 22:00:18.323264+03:00,2025-09-30 22:00:18.323264+03:00
4040.SR,Saudi Public Transport Company,Tadawul,2025,1,2025-03-31,341331000.00,37838000.00,-24313000.00,-177813000.00,-322073000.00,2025-09-30 22:00:18.323264+03:00,2025-09-30 22:00:18.323264+03:00
4040.SR,Saudi Public Transport Company,Tadawul,2024,4,2024-12-31,302825000.00,66420000.00,-10748000.00,351270000.00,338744000.00,2025-09-30 22:00:18.323264+03:00,2025-09-30 22:00:18.323264+03:00
4040.SR,Saudi Public Transport Company,Tadawul,2024,3,2024-09-30,421098000.00,115248000.00,10215000.00,60319000.00,32188000.00,2025-09-30 22:00:18.323264+03:00,2025-09-30 22:00:18.323264+03:00
4040.SR,Saudi Public Transport Company,Tadawul,2024,2,2024-06-30,418284000.00,92074000.00,40000000.00,-44919000.00,-63226000.00,2025-09-30 22:00:18.323264+03:00,2025-09-30 22:00:18.323264+03:00
4040.SR,Saudi Public Transport Company,Tadawul,2024,1,2024-03-31,,,,,,2025-09-30 22:00:18.323264+03:00,2025-09-30 22:00:18.323264+03:00
4040.SR,Saudi Public Transport Company,Tadawul,2023,4,2023-12-31,,,,,,2025-09-30 22:00:18.323264+03:00,2025-09-30 22:00:18.323264+03:00
4050.SR,Saudi Automotive Services Company,Tadawul,2025,2,2025-06-30,2874717715.00,76690041.00,29698661.00,90580918.00,-3569670.00,2025-09-30 22:02:47.696873+03:00,2025-09-30 22:02:47.696873+03:00
4050.SR,Saudi Automotive Services Company,Tadawul,2025,1,2025-03-31,2760429225.00,74319707.00,4283389.00,125726066.00,55611938.00,2025-09-30 22:02:47.696873+03:00,2025-09-30 22:02:47.696873+03:00
4050.SR,Saudi Automotive Services Company,Tadawul,2024,4,2024-12-31,2604788275.00,56202489.00,10146843.00,212901899.00,122257289.00,2025-09-30 22:02:47.696873+03:00,2025-09-30 22:02:47.696873+03:00
4050.SR,Saudi Automotive Services Company,Tadawul,2024,3,2024-09-30,2642101151.00,80498756.00,11208052.00,226209427.00,126162221.00,2025-09-30 22:02:47.696873+03:00,2025-09-30 22:02:47.696873+03:00
4050.SR,Saudi Automotive Services Company,Tadawul,2024,2,2024-06-30,2486508831.00,76606660.00,12847934.00,32571635.00,-66441141.00,2025-09-30 22:02:47.696873+03:00,2025-09-30 22:02:47.696873+03:00
4050.SR,Saudi Automotive Services Company,Tadawul,2024,1,2024-03-31,,,,,,2025-09-30 22:02:47.696873+03:00,2025-09-30 22:02:47.696873+03:00
4051.SR,Baazeem Trading Company,Tadawul,2025,2,2025-06-30,62179232.00,27321049.00,5669809.00,2130138.00,2100580.00,2025-09-30 22:02:21.347500+03:00,2025-09-30 22:02:21.347500+03:00
4051.SR,Baazeem Trading Company,Tadawul,2025,1,2025-03-31,70671163.00,28288711.00,8634810.00,4207359.00,4106039.00,2025-09-30 22:02:21.347500+03:00,2025-09-30 22:02:21.347500+03:00
4051.SR,Baazeem Trading Company,Tadawul,2024,4,2024-12-31,70590646.00,27322903.00,5177264.00,15540842.00,13327704.00,2025-09-30 22:02:21.347500+03:00,2025-09-30 22:02:21.347500+03:00
4051.SR,Baazeem Trading Company,Tadawul,2024,3,2024-09-30,64792529.00,23168622.00,5032057.00,4276263.00,4322386.00,2025-09-30 22:02:21.347500+03:00,2025-09-30 22:02:21.347500+03:00
4051.SR,Baazeem Trading Company,Tadawul,2024,2,2024-06-30,57551347.00,24913507.00,4574788.00,-583365.00,-638085.00,2025-09-30 22:02:21.347500+03:00,2025-09-30 22:02:21.347500+03:00
4051.SR,Baazeem Trading Company,Tadawul,2024,1,2024-03-31,,,,,,2025-09-30 22:02:21.347500+03:00,2025-09-30 22:02:21.347500+03:00
4051.SR,Baazeem Trading Company,Tadawul,2023,4,2023-12-31,,,,,,2025-09-30 22:02:21.347500+03:00,2025-09-30 22:02:21.347500+03:00
4061.SR,Anaam International Holding Group Company,Tadawul,2025,2,2025-06-30,8673006.00,4812825.00,-6626732.00,-2301064.00,-3082310.00,2025-09-30 22:03:35.574374+03:00,2025-09-30 22:03:35.574374+03:00
4061.SR,Anaam International Holding Group Company,Tadawul,2025,1,2025-03-31,8880419.00,4881781.00,-6197310.00,4291429.00,4050076.00,2025-09-30 22:03:35.574374+03:00,2025-09-30 22:03:35.574374+03:00
4061.SR,Anaam International Holding Group Company,Tadawul,2024,4,2024-12-31,9448220.00,5283460.00,3961904.00,-1243649.00,-4059667.00,2025-09-30 22:03:35.574374+03:00,2025-09-30 22:03:35.574374+03:00
4061.SR,Anaam International Holding Group Company,Tadawul,2024,3,2024-09-30,11164142.00,6547057.00,-8054128.00,-718188.00,-888810.00,2025-09-30 22:03:35.574374+03:00,2025-09-30 22:03:35.574374+03:00
4061.SR,Anaam International Holding Group Company,Tadawul,2024,2,2024-06-30,11744565.00,7080744.00,-429127.00,-15193316.00,-15471741.00,2025-09-30 22:03:35.574374+03:00,2025-09-30 22:03:35.574374+03:00
4061.SR,Anaam International Holding Group Company,Tadawul,2024,1,2024-03-31,,,,,,2025-09-30 22:03:35.574374+03:00,2025-09-30 22:03:35.574374+03:00
4070.SR,"Tihama for Advertising, Public Relations and Marketing Company",Tadawul,2025,2,2025-06-30,9881427.00,5354422.00,-3455398.00,-5563369.00,-5596174.00,2025-09-30 22:02:08.116736+03:00,2025-09-30 22:02:08.116736+03:00
4070.SR,"Tihama for Advertising, Public Relations and Marketing Company",Tadawul,2025,1,2025-03-31,8802985.00,-2747317.00,2319378.00,-9792280.00,-9846639.00,2025-09-30 22:02:08.116736+03:00,2025-09-30 22:02:08.116736+03:00
4070.SR,"Tihama for Advertising, Public Relations and Marketing Company",Tadawul,2024,4,2024-12-31,11935894.00,4578399.00,-7660928.00,-3853408.00,-3885836.00,2025-09-30 22:02:08.116736+03:00,2025-09-30 22:02:08.116736+03:00
4070.SR,"Tihama for Advertising, Public Relations and Marketing Company",Tadawul,2024,3,2024-09-30,34587789.00,16157586.00,775480.00,1564698.00,1448239.00,2025-09-30 22:02:08.116736+03:00,2025-09-30 22:02:08.116736+03:00
4070.SR,"Tihama for Advertising, Public Relations and Marketing Company",Tadawul,2024,2,2024-06-30,11079268.00,6269116.00,-7165072.00,-72715077.00,-73008618.00,2025-09-30 22:02:08.116736+03:00,2025-09-30 22:02:08.116736+03:00
4070.SR,"Tihama for Advertising, Public Relations and Marketing Company",Tadawul,2024,1,2024-03-31,,,,,,2025-09-30 22:02:08.116736+03:00,2025-09-30 22:02:08.116736+03:00
4070.SR,"Tihama for Advertising, Public Relations and Marketing Company",Tadawul,2023,4,2023-12-31,,,,,,2025-09-30 22:02:08.116736+03:00,2025-09-30 22:02:08.116736+03:00
4071.SR,Arabian Contracting Services Company,Tadawul,2025,2,2025-06-30,430321219.00,83171824.00,-156679470.00,-9948975.00,-27013674.00,2025-09-30 22:01:59.610732+03:00,2025-09-30 22:01:59.610732+03:00
4071.SR,Arabian Contracting Services Company,Tadawul,2025,1,2025-03-31,543721516.00,249033145.00,48223589.00,116523865.00,89897102.00,2025-09-30 22:01:59.610732+03:00,2025-09-30 22:01:59.610732+03:00
4071.SR,Arabian Contracting Services Company,Tadawul,2024,4,2024-12-31,519850688.00,373473634.00,78831372.00,866095461.00,783469648.00,2025-09-30 22:01:59.610732+03:00,2025-09-30 22:01:59.610732+03:00
4071.SR,Arabian Contracting Services Company,Tadawul,2024,3,2024-09-30,352880668.00,99398553.00,44312199.00,-90366586.00,-111495526.00,2025-09-30 22:01:59.610732+03:00,2025-09-30 22:01:59.610732+03:00
4071.SR,Arabian Contracting Services Company,Tadawul,2024,2,2024-06-30,374061592.00,142167952.00,47322175.00,176023931.00,160059003.00,2025-09-30 22:01:59.610732+03:00,2025-09-30 22:01:59.610732+03:00
4071.SR,Arabian Contracting Services Company,Tadawul,2024,1,2024-03-31,,,,,,2025-09-30 22:01:59.610732+03:00,2025-09-30 22:01:59.610732+03:00
4071.SR,Arabian Contracting Services Company,Tadawul,2023,4,2023-12-31,,,,,,2025-09-30 22:01:59.610732+03:00,2025-09-30 22:01:59.610732+03:00
4072.SR,MBC Group Co.,Tadawul,2025,2,2025-06-30,987934000.00,303945000.00,72493000.00,-226939000.00,-292047000.00,2025-09-30 22:02:03.849729+03:00,2025-09-30 22:02:03.849729+03:00
4072.SR,MBC Group Co.,Tadawul,2025,1,2025-03-31,2043817000.00,536661000.00,231804000.00,-177924000.00,-271383000.00,2025-09-30 22:02:03.849729+03:00,2025-09-30 22:02:03.849729+03:00
4072.SR,MBC Group Co.,Tadawul,2024,4,2024-12-31,1239673000.00,312769000.00,178844000.00,-819112000.00,-922811000.00,2025-09-30 22:02:03.849729+03:00,2025-09-30 22:02:03.849729+03:00
4072.SR,MBC Group Co.,Tadawul,2024,3,2024-09-30,757080000.00,192479000.00,9056000.00,1590643000.00,1535794000.00,2025-09-30 22:02:03.849729+03:00,2025-09-30 22:02:03.849729+03:00
4072.SR,MBC Group Co.,Tadawul,2024,2,2024-06-30,963865000.00,355622000.00,102555000.00,-136328000.00,-173213000.00,2025-09-30 22:02:03.849729+03:00,2025-09-30 22:02:03.849729+03:00
4072.SR,MBC Group Co.,Tadawul,2024,1,2024-03-31,,,,,,2025-09-30 22:02:03.849729+03:00,2025-09-30 22:02:03.849729+03:00
4080.SR,Sinad Holding Company,Tadawul,2025,2,2025-06-30,404280881.00,108860514.00,-3044806.00,181568107.00,174287277.00,2025-09-30 22:19:35.768986+03:00,2025-09-30 22:19:35.768986+03:00
4080.SR,Sinad Holding Company,Tadawul,2025,1,2025-03-31,412063641.00,112967614.00,-2729521.00,-39411772.00,-49326041.00,2025-09-30 22:19:35.768986+03:00,2025-09-30 22:19:35.768986+03:00
4080.SR,Sinad Holding Company,Tadawul,2024,4,2024-12-31,456350022.00,111983198.00,7947486.00,69432835.00,57430493.00,2025-09-30 22:19:35.768986+03:00,2025-09-30 22:19:35.768986+03:00
4080.SR,Sinad Holding Company,Tadawul,2024,3,2024-09-30,446675269.00,137662425.00,1286966.00,-11680020.00,-21266508.00,2025-09-30 22:19:35.768986+03:00,2025-09-30 22:19:35.768986+03:00
4080.SR,Sinad Holding Company,Tadawul,2024,2,2024-06-30,411124121.00,131304930.00,910639.00,42384942.00,37114838.00,2025-09-30 22:19:35.768986+03:00,2025-09-30 22:19:35.768986+03:00
4080.SR,Sinad Holding Company,Tadawul,2024,1,2024-03-31,,,,,,2025-09-30 22:19:35.768986+03:00,2025-09-30 22:19:35.768986+03:00
4080.SR,Sinad Holding Company,Tadawul,2023,4,2023-12-31,,,,,,2025-09-30 22:19:35.768986+03:00,2025-09-30 22:19:35.768986+03:00
4081.SR,Nayifat Finance Company,Tadawul,2025,2,2025-06-30,72266000.00,,15571000.00,56521000.00,55808000.00,2025-09-30 22:21:43.316286+03:00,2025-09-30 22:21:43.316286+03:00
4081.SR,Nayifat Finance Company,Tadawul,2025,1,2025-03-31,77789000.00,,23546000.00,-75051000.00,-75299000.00,2025-09-30 22:21:43.316286+03:00,2025-09-30 22:21:43.316286+03:00
4081.SR,Nayifat Finance Company,Tadawul,2024,4,2024-12-31,83450000.00,,36820000.00,72950000.00,72580000.00,2025-09-30 22:21:43.316286+03:00,2025-09-30 22:21:43.316286+03:00
4081.SR,Nayifat Finance Company,Tadawul,2024,3,2024-09-30,80886000.00,,38923000.00,29327000.00,26425000.00,2025-09-30 22:21:43.316286+03:00,2025-09-30 22:21:43.316286+03:00
4081.SR,Nayifat Finance Company,Tadawul,2024,2,2024-06-30,81358000.00,,38317000.00,21864000.00,20416000.00,2025-09-30 22:21:43.316286+03:00,2025-09-30 22:21:43.316286+03:00
4081.SR,Nayifat Finance Company,Tadawul,2024,1,2024-03-31,,,,,,2025-09-30 22:21:43.316286+03:00,2025-09-30 22:21:43.316286+03:00
4082.SR,Morabaha Marina Financing Company,Tadawul,2025,2,2025-06-30,54014134.00,28530879.00,-2894394.00,-74680052.00,-76775951.00,2025-09-30 22:21:52.724661+03:00,2025-09-30 22:21:52.724661+03:00
4082.SR,Morabaha Marina Financing Company,Tadawul,2025,1,2025-03-31,52802315.00,25643925.00,4219766.00,-20347016.00,-21863246.00,2025-09-30 22:21:52.724661+03:00,2025-09-30 22:21:52.724661+03:00
4082.SR,Morabaha Marina Financing Company,Tadawul,2024,4,2024-12-31,55517528.00,25046176.00,2760462.00,8380741.00,6004272.00,2025-09-30 22:21:52.724661+03:00,2025-09-30 22:21:52.724661+03:00
4082.SR,Morabaha Marina Financing Company,Tadawul,2024,3,2024-09-30,48298205.00,18411439.00,8197404.00,2401103.00,-44622.00,2025-09-30 22:21:52.724661+03:00,2025-09-30 22:21:52.724661+03:00
4082.SR,Morabaha Marina Financing Company,Tadawul,2024,2,2024-06-30,44242137.00,15946669.00,4751505.00,5161059.00,3360525.00,2025-09-30 22:21:52.724661+03:00,2025-09-30 22:21:52.724661+03:00
4082.SR,Morabaha Marina Financing Company,Tadawul,2024,1,2024-03-31,,,,,,2025-09-30 22:21:52.724661+03:00,2025-09-30 22:21:52.724661+03:00
4083.SR,United International Holding Company,Tadawul,2025,2,2025-06-30,192402474.00,159791575.00,59801738.00,-46780407.00,-49472852.00,2025-09-30 22:21:29.812520+03:00,2025-09-30 22:21:29.812520+03:00
4083.SR,United International Holding Company,Tadawul,2025,1,2025-03-31,174654153.00,147276160.00,57807516.00,-110986269.00,-111789593.00,2025-09-30 22:21:29.812520+03:00,2025-09-30 22:21:29.812520+03:00
4083.SR,United International Holding Company,Tadawul,2024,2,2024-06-30,149824134.00,126542822.00,46824327.00,-85624032.00,-87705005.00,2025-09-30 22:21:29.812520+03:00,2025-09-30 22:21:29.812520+03:00
4083.SR,United International Holding Company,Tadawul,2024,1,2024-03-31,139434654.00,115831456.00,52352136.00,-58705436.00,-59222547.00,2025-09-30 22:21:29.812520+03:00,2025-09-30 22:21:29.812520+03:00
4084.SR,Derayah Financial Company,Tadawul,2025,2,2025-06-30,234954623.00,187859965.00,107065041.00,142901868.00,140511504.00,2025-09-30 22:21:56.977782+03:00,2025-09-30 22:21:56.977782+03:00
4084.SR,Derayah Financial Company,Tadawul,2025,1,2025-03-31,211816609.00,168722696.00,106219271.00,36496838.00,28053489.00,2025-09-30 22:21:56.977782+03:00,2025-09-30 22:21:56.977782+03:00
4084.SR,Derayah Financial Company,Tadawul,2024,2,2024-06-30,212300775.00,170517297.00,91855957.00,90814952.00,84966906.00,2025-09-30 22:21:56.977782+03:00,2025-09-30 22:21:56.977782+03:00
4084.SR,Derayah Financial Company,Tadawul,2024,1,2024-03-31,214754992.00,176408481.00,136153281.00,118942603.00,116994166.00,2025-09-30 22:21:56.977782+03:00,2025-09-30 22:21:56.977782+03:00
4090.SR,Taiba Investment Company,Tadawul,2025,2,2025-06-30,370013536.00,125205604.00,107095472.00,52051299.00,44179511.00,2025-09-30 22:26:20.244949+03:00,2025-09-30 22:26:20.244949+03:00
4090.SR,Taiba Investment Company,Tadawul,2025,1,2025-03-31,357824060.00,174108336.00,131340528.00,136731232.00,132155148.00,2025-09-30 22:26:20.244949+03:00,2025-09-30 22:26:20.244949+03:00
4090.SR,Taiba Investment Company,Tadawul,2024,4,2024-12-31,337293601.00,162304504.00,90098216.00,246556782.00,505117718.00,2025-09-30 22:26:20.244949+03:00,2025-09-30 22:26:20.244949+03:00
4090.SR,Taiba Investment Company,Tadawul,2024,3,2024-09-30,268523830.00,95727409.00,59260913.00,163977815.00,-114626886.00,2025-09-30 22:26:20.244949+03:00,2025-09-30 22:26:20.244949+03:00
4090.SR,Taiba Investment Company,Tadawul,2024,2,2024-06-30,377399145.00,148976525.00,88443849.00,69039346.00,63450267.00,2025-09-30 22:26:20.244949+03:00,2025-09-30 22:26:20.244949+03:00
4090.SR,Taiba Investment Company,Tadawul,2024,1,2024-03-31,,,,,,2025-09-30 22:26:20.244949+03:00,2025-09-30 22:26:20.244949+03:00
4090.SR,Taiba Investment Company,Tadawul,2023,4,2023-12-31,,,,,,2025-09-30 22:26:20.244949+03:00,2025-09-30 22:26:20.244949+03:00
4100.SR,Makkah Construction and Development Company,Tadawul,2025,2,2025-06-30,388113024.00,143022711.00,144182201.00,77717447.00,74868570.00,2025-09-30 22:43:18.730836+03:00,2025-09-30 22:43:18.730836+03:00
4100.SR,Makkah Construction and Development Company,Tadawul,2025,1,2025-03-31,235555966.00,169792601.00,150137111.00,98527009.00,93200674.00,2025-09-30 22:43:18.730836+03:00,2025-09-30 22:43:18.730836+03:00
4100.SR,Makkah Construction and Development Company,Tadawul,2024,4,2024-12-31,158654541.00,102315026.00,85670226.00,89092933.00,74968746.00,2025-09-30 22:43:18.730836+03:00,2025-09-30 22:43:18.730836+03:00
4100.SR,Makkah Construction and Development Company,Tadawul,2024,3,2024-09-30,141873118.00,75903498.00,69390171.00,75842351.00,67598574.00,2025-09-30 22:43:18.730836+03:00,2025-09-30 22:43:18.730836+03:00
4100.SR,Makkah Construction and Development Company,Tadawul,2024,2,2024-06-30,350102016.00,163008341.00,142572554.00,47240757.00,39408497.00,2025-09-30 22:43:18.730836+03:00,2025-09-30 22:43:18.730836+03:00
4100.SR,Makkah Construction and Development Company,Tadawul,2024,1,2024-03-31,,,,,,2025-09-30 22:43:18.730836+03:00,2025-09-30 22:43:18.730836+03:00
4100.SR,Makkah Construction and Development Company,Tadawul,2023,4,2023-12-31,,,,,,2025-09-30 22:43:18.730836+03:00,2025-09-30 22:43:18.730836+03:00
4110.SR,Batic Investments and Logistics Company,Tadawul,2025,2,2025-06-30,147495036.00,17390364.00,1603339.00,57314286.00,53913367.00,2025-09-30 21:58:59.906729+03:00,2025-09-30 21:58:59.906729+03:00
4110.SR,Batic Investments and Logistics Company,Tadawul,2025,1,2025-03-31,113703895.00,8566313.00,12417372.00,-7181273.00,-13682957.00,2025-09-30 21:58:59.906729+03:00,2025-09-30 21:58:59.906729+03:00
4110.SR,Batic Investments and Logistics Company,Tadawul,2024,4,2024-12-31,114930773.00,13217855.00,-56614075.00,20909559.00,13351326.00,2025-09-30 21:58:59.906729+03:00,2025-09-30 21:58:59.906729+03:00
4110.SR,Batic Investments and Logistics Company,Tadawul,2024,3,2024-09-30,119774676.00,16266502.00,-792448.00,37167250.00,13688382.00,2025-09-30 21:58:59.906729+03:00,2025-09-30 21:58:59.906729+03:00
4110.SR,Batic Investments and Logistics Company,Tadawul,2024,2,2024-06-30,123202027.00,17033311.00,-745961.00,34071217.00,23788364.00,2025-09-30 21:58:59.906729+03:00,2025-09-30 21:58:59.906729+03:00
4110.SR,Batic Investments and Logistics Company,Tadawul,2024,1,2024-03-31,,,,,,2025-09-30 21:58:59.906729+03:00,2025-09-30 21:58:59.906729+03:00
4130.SR,Darb Saudi Investment Company,Tadawul,2025,2,2025-06-30,4604174.00,3474796.00,1571578.00,12332.00,-101969.00,2025-09-30 22:22:10.262267+03:00,2025-09-30 22:22:10.262267+03:00
4130.SR,Darb Saudi Investment Company,Tadawul,2025,1,2025-03-31,4562018.00,3506036.00,1325910.00,3526941.00,3510426.00,2025-09-30 22:22:10.262267+03:00,2025-09-30 22:22:10.262267+03:00
4130.SR,Darb Saudi Investment Company,Tadawul,2024,4,2024-12-31,4621047.00,3459323.00,6610591.00,664450.00,664450.00,2025-09-30 22:22:10.262267+03:00,2025-09-30 22:22:10.262267+03:00
4130.SR,Darb Saudi Investment Company,Tadawul,2024,3,2024-09-30,4523977.00,3418171.00,-388516.00,1082845.00,1082845.00,2025-09-30 22:22:10.262267+03:00,2025-09-30 22:22:10.262267+03:00
4130.SR,Darb Saudi Investment Company,Tadawul,2024,2,2024-06-30,4501175.00,3404636.00,2470779.00,1589049.00,1589049.00,2025-09-30 22:22:10.262267+03:00,2025-09-30 22:22:10.262267+03:00
4130.SR,Darb Saudi Investment Company,Tadawul,2024,1,2024-03-31,,,,,,2025-09-30 22:22:10.262267+03:00,2025-09-30 22:22:10.262267+03:00
4130.SR,Darb Saudi Investment Company,Tadawul,2023,4,2023-12-31,,,,,,2025-09-30 22:22:10.262267+03:00,2025-09-30 22:22:10.262267+03:00
4140.SR,Saudi Industrial Export Company,Tadawul,2025,2,2025-06-30,0.00,0.00,-5102507.00,-2729764.00,-2729764.00,2025-09-30 21:59:04.124041+03:00,2025-09-30 21:59:04.124041+03:00
4140.SR,Saudi Industrial Export Company,Tadawul,2025,1,2025-03-31,0.00,0.00,-980996.00,-3518752.00,-3518752.00,2025-09-30 21:59:04.124041+03:00,2025-09-30 21:59:04.124041+03:00
4140.SR,Saudi Industrial Export Company,Tadawul,2024,4,2024-12-31,0.00,-1726.00,-7158186.00,-5851356.00,-5851355.00,2025-09-30 21:59:04.124041+03:00,2025-09-30 21:59:04.124041+03:00
4140.SR,Saudi Industrial Export Company,Tadawul,2024,3,2024-09-30,249562.00,-57354.00,-3321347.00,573265.00,573265.00,2025-09-30 21:59:04.124041+03:00,2025-09-30 21:59:04.124041+03:00
4140.SR,Saudi Industrial Export Company,Tadawul,2024,2,2024-06-30,18817446.00,-3049161.00,-9618851.00,5162362.00,4904861.00,2025-09-30 21:59:04.124041+03:00,2025-09-30 21:59:04.124041+03:00
4140.SR,Saudi Industrial Export Company,Tadawul,2024,1,2024-03-31,,,,,,2025-09-30 21:59:04.124041+03:00,2025-09-30 21:59:04.124041+03:00
4140.SR,Saudi Industrial Export Company,Tadawul,2023,4,2023-12-31,,,,,,2025-09-30 21:59:04.124041+03:00,2025-09-30 21:59:04.124041+03:00
4141.SR,Al-Omran Industrial Trading Company,Tadawul,2025,2,2025-06-30,45531692.00,11553714.00,3001679.00,-13987683.00,-17791407.00,2025-09-30 21:59:17.630245+03:00,2025-09-30 21:59:17.630245+03:00
4141.SR,Al-Omran Industrial Trading Company,Tadawul,2025,1,2025-03-31,29036801.00,4892471.00,-1918508.00,-5831392.00,-8880836.00,2025-09-30 21:59:17.630245+03:00,2025-09-30 21:59:17.630245+03:00
4141.SR,Al-Omran Industrial Trading Company,Tadawul,2024,4,2024-12-31,23676493.00,7505142.00,-1701171.00,3502382.00,-1462512.00,2025-09-30 21:59:17.630245+03:00,2025-09-30 21:59:17.630245+03:00
4141.SR,Al-Omran Industrial Trading Company,Tadawul,2024,3,2024-09-30,36764265.00,6462016.00,-941475.00,-1210702.00,-9418320.00,2025-09-30 21:59:17.630245+03:00,2025-09-30 21:59:17.630245+03:00
4141.SR,Al-Omran Industrial Trading Company,Tadawul,2024,2,2024-06-30,33605600.00,6039470.00,-1007629.00,10777874.00,8739787.00,2025-09-30 21:59:17.630245+03:00,2025-09-30 21:59:17.630245+03:00
4141.SR,Al-Omran Industrial Trading Company,Tadawul,2024,1,2024-03-31,,,,,,2025-09-30 21:59:17.630245+03:00,2025-09-30 21:59:17.630245+03:00
4141.SR,Al-Omran Industrial Trading Company,Tadawul,2023,4,2023-12-31,,,,,,2025-09-30 21:59:17.630245+03:00,2025-09-30 21:59:17.630245+03:00
4142.SR,Riyadh Cables Group Company,Tadawul,2025,2,2025-06-30,2714843097.00,443424054.00,279284732.00,39751457.00,6281441.00,2025-09-30 21:58:16.468621+03:00,2025-09-30 21:58:16.468621+03:00
4142.SR,Riyadh Cables Group Company,Tadawul,2025,1,2025-03-31,2489050435.00,426808775.00,256184594.00,102516863.00,54518103.00,2025-09-30 21:58:16.468621+03:00,2025-09-30 21:58:16.468621+03:00
4142.SR,Riyadh Cables Group Company,Tadawul,2024,4,2024-12-31,2496520916.00,332277638.00,252342101.00,483458836.00,388564783.00,2025-09-30 21:58:16.468621+03:00,2025-09-30 21:58:16.468621+03:00
4142.SR,Riyadh Cables Group Company,Tadawul,2024,3,2024-09-30,2433148689.00,401470357.00,234704677.00,301062947.00,246072227.00,2025-09-30 21:58:16.468621+03:00,2025-09-30 21:58:16.468621+03:00
4142.SR,Riyadh Cables Group Company,Tadawul,2024,2,2024-06-30,2046144781.00,269572756.00,159427405.00,17955143.00,-12319856.00,2025-09-30 21:58:16.468621+03:00,2025-09-30 21:58:16.468621+03:00
4142.SR,Riyadh Cables Group Company,Tadawul,2024,1,2024-03-31,,,,,,2025-09-30 21:58:16.468621+03:00,2025-09-30 21:58:16.468621+03:00
4142.SR,Riyadh Cables Group Company,Tadawul,2023,4,2023-12-31,,,,,,2025-09-30 21:58:16.468621+03:00,2025-09-30 21:58:16.468621+03:00
4143.SR,Al Taiseer Group TALCO Industrial Company,Tadawul,2025,2,2025-06-30,191881800.00,38095173.00,21433196.00,20178028.00,15951712.00,2025-09-30 21:51:07.101515+03:00,2025-09-30 21:51:07.101515+03:00
4143.SR,Al Taiseer Group TALCO Industrial Company,Tadawul,2025,1,2025-03-31,187749330.00,40240393.00,21607679.00,54294753.00,49958003.00,2025-09-30 21:51:07.101515+03:00,2025-09-30 21:51:07.101515+03:00
4143.SR,Al Taiseer Group TALCO Industrial Company,Tadawul,2024,4,2024-12-31,212087720.00,46755782.00,21901641.00,21795701.00,15574869.00,2025-09-30 21:51:07.101515+03:00,2025-09-30 21:51:07.101515+03:00
4143.SR,Al Taiseer Group TALCO Industrial Company,Tadawul,2024,3,2024-09-30,167246031.00,35724389.00,16769969.00,-2960991.00,-5778945.00,2025-09-30 21:51:07.101515+03:00,2025-09-30 21:51:07.101515+03:00
4143.SR,Al Taiseer Group TALCO Industrial Company,Tadawul,2024,2,2024-06-30,164799098.00,37940175.00,20873180.00,82501371.00,79120525.00,2025-09-30 21:51:07.101515+03:00,2025-09-30 21:51:07.101515+03:00
4143.SR,Al Taiseer Group TALCO Industrial Company,Tadawul,2024,1,2024-03-31,,,,,,2025-09-30 21:51:07.101515+03:00,2025-09-30 21:51:07.101515+03:00
4144.SR,Raoom Trading Co.,Tadawul,2025,2,2025-06-30,24178924.00,5906831.00,-2715269.00,-876333.00,-1292468.00,2025-09-30 21:59:13.291397+03:00,2025-09-30 21:59:13.291397+03:00
4144.SR,Raoom Trading Co.,Tadawul,2025,1,2025-03-31,27368885.00,9218753.00,5003164.00,3354041.00,433278.00,2025-09-30 21:59:13.291397+03:00,2025-09-30 21:59:13.291397+03:00
4144.SR,Raoom Trading Co.,Tadawul,2024,4,2024-12-31,28923708.00,7003169.00,3570673.00,8649086.00,5707634.00,2025-09-30 21:59:13.291397+03:00,2025-09-30 21:59:13.291397+03:00
4144.SR,Raoom Trading Co.,Tadawul,2024,3,2024-09-30,27316777.00,8305423.00,10971463.00,7977824.00,5457765.00,2025-09-30 21:59:13.291397+03:00,2025-09-30 21:59:13.291397+03:00
4144.SR,Raoom Trading Co.,Tadawul,2024,2,2024-06-30,26784096.00,7780181.00,4360758.00,4869550.00,4409120.00,2025-09-30 21:59:13.291397+03:00,2025-09-30 21:59:13.291397+03:00
4144.SR,Raoom Trading Co.,Tadawul,2024,1,2024-03-31,,,,,,2025-09-30 21:59:13.291397+03:00,2025-09-30 21:59:13.291397+03:00
4144.SR,Raoom Trading Co.,Tadawul,2023,4,2023-12-31,,,,,,2025-09-30 21:59:13.291397+03:00,2025-09-30 21:59:13.291397+03:00
4145.SR,Al Obeikan Glass Company,Tadawul,2025,2,2025-06-30,89139117.00,31033093.00,12713943.00,6204812.00,-3631509.00,2025-09-30 21:59:08.724280+03:00,2025-09-30 21:59:08.724280+03:00
4145.SR,Al Obeikan Glass Company,Tadawul,2025,1,2025-03-31,85024472.00,26570023.00,6131649.00,16791496.00,2383810.00,2025-09-30 21:59:08.724280+03:00,2025-09-30 21:59:08.724280+03:00
4145.SR,Al Obeikan Glass Company,Tadawul,2024,4,2024-12-31,72178980.00,14343368.00,-31886100.00,-14164794.00,-9008516.00,2025-09-30 21:59:08.724280+03:00,2025-09-30 21:59:08.724280+03:00
4145.SR,Al Obeikan Glass Company,Tadawul,2024,3,2024-09-30,87803401.00,30840528.00,10130853.00,43553487.00,10806059.00,2025-09-30 21:59:08.724280+03:00,2025-09-30 21:59:08.724280+03:00
4145.SR,Al Obeikan Glass Company,Tadawul,2024,2,2024-06-30,82865487.00,32384917.00,12481417.00,15309707.00,-25206433.00,2025-09-30 21:59:08.724280+03:00,2025-09-30 21:59:08.724280+03:00
4145.SR,Al Obeikan Glass Company,Tadawul,2024,1,2024-03-31,,,,,,2025-09-30 21:59:08.724280+03:00,2025-09-30 21:59:08.724280+03:00
4145.SR,Al Obeikan Glass Company,Tadawul,2023,4,2023-12-31,,,,,,2025-09-30 21:59:08.724280+03:00,2025-09-30 21:59:08.724280+03:00
4150.SR,Arriyadh Development Co.,Tadawul,2025,2,2025-06-30,72893147.00,51800348.00,65632451.00,3368805.00,1301579.00,2025-09-30 22:26:29.016287+03:00,2025-09-30 22:26:29.016287+03:00
4150.SR,Arriyadh Development Co.,Tadawul,2025,1,2025-03-31,69538299.00,42627562.00,42065118.00,72773197.00,70764498.00,2025-09-30 22:26:29.016287+03:00,2025-09-30 22:26:29.016287+03:00
4150.SR,Arriyadh Development Co.,Tadawul,2024,4,2024-12-31,86426200.00,53625506.00,89565224.00,40757619.00,83616344.00,2025-09-30 22:26:29.016287+03:00,2025-09-30 22:26:29.016287+03:00
4150.SR,Arriyadh Development Co.,Tadawul,2024,3,2024-09-30,79621690.00,46342689.00,44228533.00,67022403.00,43513365.00,2025-09-30 22:26:29.016287+03:00,2025-09-30 22:26:29.016287+03:00
4150.SR,Arriyadh Development Co.,Tadawul,2024,2,2024-06-30,77038701.00,48894399.00,91915237.00,-34437476.00,-53361163.00,2025-09-30 22:26:29.016287+03:00,2025-09-30 22:26:29.016287+03:00
4150.SR,Arriyadh Development Co.,Tadawul,2024,1,2024-03-31,,,,,,2025-09-30 22:26:29.016287+03:00,2025-09-30 22:26:29.016287+03:00
4160.SR,Thimar Development Holding Company,Tadawul,2025,2,2025-06-30,0.00,0.00,-4472251.00,-8984466.00,-8986406.00,2025-09-30 22:03:04.893955+03:00,2025-09-30 22:03:04.893955+03:00
4160.SR,Thimar Development Holding Company,Tadawul,2025,1,2025-03-31,0.00,0.00,-4429013.00,-7008098.00,-7018329.00,2025-09-30 22:03:04.893955+03:00,2025-09-30 22:03:04.893955+03:00
4160.SR,Thimar Development Holding Company,Tadawul,2024,4,2024-12-31,1722000.00,1722000.00,3267534.00,-3357992.00,-3420500.00,2025-09-30 22:03:04.893955+03:00,2025-09-30 22:03:04.893955+03:00
4160.SR,Thimar Development Holding Company,Tadawul,2024,3,2024-09-30,72000.00,72000.00,-4332130.00,-5663791.00,-5663791.00,2025-09-30 22:03:04.893955+03:00,2025-09-30 22:03:04.893955+03:00
4160.SR,Thimar Development Holding Company,Tadawul,2024,2,2024-06-30,0.00,0.00,-4642664.00,-3981364.00,-4999177.00,2025-09-30 22:03:04.893955+03:00,2025-09-30 22:03:04.893955+03:00
4160.SR,Thimar Development Holding Company,Tadawul,2024,1,2024-03-31,,,,,,2025-09-30 22:03:04.893955+03:00,2025-09-30 22:03:04.893955+03:00
4160.SR,Thimar Development Holding Company,Tadawul,2023,4,2023-12-31,,,,,,2025-09-30 22:03:04.893955+03:00,2025-09-30 22:03:04.893955+03:00
4161.SR,BinDawood Holding Company,Tadawul,2025,2,2025-06-30,1474313373.00,533285039.00,51829084.00,-52306288.00,-96191252.00,2025-09-30 22:03:31.145414+03:00,2025-09-30 22:03:31.145414+03:00
4161.SR,BinDawood Holding Company,Tadawul,2025,1,2025-03-31,1674385176.00,528700362.00,67123338.00,333037369.00,297107699.00,2025-09-30 22:03:31.145414+03:00,2025-09-30 22:03:31.145414+03:00
4161.SR,BinDawood Holding Company,Tadawul,2024,4,2024-12-31,1425588816.00,512804443.00,101568053.00,114316764.00,63553073.00,2025-09-30 22:03:31.145414+03:00,2025-09-30 22:03:31.145414+03:00
4161.SR,BinDawood Holding Company,Tadawul,2024,3,2024-09-30,1361333926.00,449512043.00,34999901.00,246819562.00,186862458.00,2025-09-30 22:03:31.145414+03:00,2025-09-30 22:03:31.145414+03:00
4161.SR,BinDawood Holding Company,Tadawul,2024,2,2024-06-30,1417839299.00,480428766.00,72646649.00,110201095.00,74376362.00,2025-09-30 22:03:31.145414+03:00,2025-09-30 22:03:31.145414+03:00
4161.SR,BinDawood Holding Company,Tadawul,2024,1,2024-03-31,,,,,,2025-09-30 22:03:31.145414+03:00,2025-09-30 22:03:31.145414+03:00
4162.SR,Almunajem Foods Company,Tadawul,2025,2,2025-06-30,797298851.00,122232420.00,30986275.00,-34149170.00,-53911348.00,2025-09-30 22:03:18.030778+03:00,2025-09-30 22:03:18.030778+03:00
4162.SR,Almunajem Foods Company,Tadawul,2025,1,2025-03-31,901489266.00,133326971.00,40033476.00,14357322.00,1227975.00,2025-09-30 22:03:18.030778+03:00,2025-09-30 22:03:18.030778+03:00
4162.SR,Almunajem Foods Company,Tadawul,2024,4,2024-12-31,819055300.00,120903304.00,60319229.00,107909500.00,89631134.00,2025-09-30 22:03:18.030778+03:00,2025-09-30 22:03:18.030778+03:00
4162.SR,Almunajem Foods Company,Tadawul,2024,3,2024-09-30,798694923.00,116639729.00,40511120.00,92620661.00,83437056.00,2025-09-30 22:03:18.030778+03:00,2025-09-30 22:03:18.030778+03:00
4162.SR,Almunajem Foods Company,Tadawul,2024,2,2024-06-30,826288518.00,133126355.00,63820903.00,-26518730.00,-34891268.00,2025-09-30 22:03:18.030778+03:00,2025-09-30 22:03:18.030778+03:00
4162.SR,Almunajem Foods Company,Tadawul,2024,1,2024-03-31,,,,,,2025-09-30 22:03:18.030778+03:00,2025-09-30 22:03:18.030778+03:00
4162.SR,Almunajem Foods Company,Tadawul,2023,4,2023-12-31,,,,,,2025-09-30 22:03:18.030778+03:00,2025-09-30 22:03:18.030778+03:00
4163.SR,Al-Dawaa Medical Services Company,Tadawul,2025,2,2025-06-30,1685572581.00,590493757.00,86573037.00,47561394.00,22107764.00,2025-09-30 22:03:26.709437+03:00,2025-09-30 22:03:26.709437+03:00
4163.SR,Al-Dawaa Medical Services Company,Tadawul,2025,1,2025-03-31,1650691573.00,604605309.00,105169996.00,233015206.00,202920890.00,2025-09-30 22:03:26.709437+03:00,2025-09-30 22:03:26.709437+03:00
4163.SR,Al-Dawaa Medical Services Company,Tadawul,2024,4,2024-12-31,1722012780.00,582565139.00,103810833.00,155149403.00,98916110.00,2025-09-30 22:03:26.709437+03:00,2025-09-30 22:03:26.709437+03:00
4163.SR,Al-Dawaa Medical Services Company,Tadawul,2024,3,2024-09-30,1626231243.00,570112659.00,75088439.00,179467013.00,97624236.00,2025-09-30 22:03:26.709437+03:00,2025-09-30 22:03:26.709437+03:00
4163.SR,Al-Dawaa Medical Services Company,Tadawul,2024,2,2024-06-30,1595129276.00,570296213.00,95877965.00,116103903.00,82783073.00,2025-09-30 22:03:26.709437+03:00,2025-09-30 22:03:26.709437+03:00
4163.SR,Al-Dawaa Medical Services Company,Tadawul,2024,1,2024-03-31,,,,,,2025-09-30 22:03:26.709437+03:00,2025-09-30 22:03:26.709437+03:00
4163.SR,Al-Dawaa Medical Services Company,Tadawul,2023,4,2023-12-31,,,,,,2025-09-30 22:03:26.709437+03:00,2025-09-30 22:03:26.709437+03:00
4164.SR,Nahdi Medical Company,Tadawul,2025,2,2025-06-30,2527565322.00,965952700.00,238403369.00,-124153288.00,-213809617.00,2025-09-30 22:03:22.308456+03:00,2025-09-30 22:03:22.308456+03:00
4164.SR,Nahdi Medical Company,Tadawul,2025,1,2025-03-31,2634953061.00,950925417.00,255163692.00,631750485.00,528088304.00,2025-09-30 22:03:22.308456+03:00,2025-09-30 22:03:22.308456+03:00
4164.SR,Nahdi Medical Company,Tadawul,2024,4,2024-12-31,2363007064.00,882372406.00,157850189.00,362156410.00,245174191.00,2025-09-30 22:03:22.308456+03:00,2025-09-30 22:03:22.308456+03:00
4164.SR,Nahdi Medical Company,Tadawul,2024,3,2024-09-30,2353251802.00,850978791.00,182188389.00,592919641.00,516690216.00,2025-09-30 22:03:22.308456+03:00,2025-09-30 22:03:22.308456+03:00
4164.SR,Nahdi Medical Company,Tadawul,2024,2,2024-06-30,2472663738.00,938681335.00,247735546.00,88992976.00,-1473690.00,2025-09-30 22:03:22.308456+03:00,2025-09-30 22:03:22.308456+03:00
4164.SR,Nahdi Medical Company,Tadawul,2024,1,2024-03-31,,,,,,2025-09-30 22:03:22.308456+03:00,2025-09-30 22:03:22.308456+03:00
4164.SR,Nahdi Medical Company,Tadawul,2023,4,2023-12-31,,,,,,2025-09-30 22:03:22.308456+03:00,2025-09-30 22:03:22.308456+03:00
4165.SR,Al Majed Oud Co.,Tadawul,2025,2,2025-06-30,208690317.00,135132182.00,24327798.00,31826385.00,23580633.00,2025-09-30 22:27:52.813764+03:00,2025-09-30 22:27:52.813764+03:00
4165.SR,Al Majed Oud Co.,Tadawul,2025,1,2025-03-31,410145628.00,270973185.00,120902695.00,246160454.00,237538840.00,2025-09-30 22:27:52.813764+03:00,2025-09-30 22:27:52.813764+03:00
4165.SR,Al Majed Oud Co.,Tadawul,2024,4,2024-12-31,242257659.00,146892267.00,15032076.00,-35634180.00,-46735334.00,2025-09-30 22:27:52.813764+03:00,2025-09-30 22:27:52.813764+03:00
4165.SR,Al Majed Oud Co.,Tadawul,2024,3,2024-09-30,170621789.00,117901981.00,22420783.00,15025321.00,419289.00,2025-09-30 22:27:52.813764+03:00,2025-09-30 22:27:52.813764+03:00
4165.SR,Al Majed Oud Co.,Tadawul,2024,2,2024-06-30,259558402.00,173500583.00,55472019.00,111612137.00,102459669.00,2025-09-30 22:27:52.813764+03:00,2025-09-30 22:27:52.813764+03:00
4165.SR,Al Majed Oud Co.,Tadawul,2024,1,2024-03-31,,,,,,2025-09-30 22:27:52.813764+03:00,2025-09-30 22:27:52.813764+03:00
4165.SR,Al Majed Oud Co.,Tadawul,2023,4,2023-12-31,,,,,,2025-09-30 22:27:52.813764+03:00,2025-09-30 22:27:52.813764+03:00
4170.SR,Tourism Enterprise Company (Shams),Tadawul,2025,2,2025-06-30,3472753.00,311564.00,-3767413.00,-305102.00,-873859.00,2025-09-30 22:01:02.379701+03:00,2025-09-30 22:01:02.379701+03:00
4170.SR,Tourism Enterprise Company (Shams),Tadawul,2025,1,2025-03-31,1411427.00,-553113.00,726231.00,-2256020.00,-2615003.00,2025-09-30 22:01:02.379701+03:00,2025-09-30 22:01:02.379701+03:00
4170.SR,Tourism Enterprise Company (Shams),Tadawul,2024,4,2024-12-31,3657694.00,316665.00,-1775949.00,1571118.00,1433937.00,2025-09-30 22:01:02.379701+03:00,2025-09-30 22:01:02.379701+03:00
4170.SR,Tourism Enterprise Company (Shams),Tadawul,2024,3,2024-09-30,2114761.00,218915.00,1224373.00,4751159.00,4586898.00,2025-09-30 22:01:02.379701+03:00,2025-09-30 22:01:02.379701+03:00
4170.SR,Tourism Enterprise Company (Shams),Tadawul,2024,2,2024-06-30,2885170.00,631610.00,874117.00,3891459.00,3735105.00,2025-09-30 22:01:02.379701+03:00,2025-09-30 22:01:02.379701+03:00
4170.SR,Tourism Enterprise Company (Shams),Tadawul,2024,1,2024-03-31,,,,,,2025-09-30 22:01:02.379701+03:00,2025-09-30 22:01:02.379701+03:00
4170.SR,Tourism Enterprise Company (Shams),Tadawul,2023,4,2023-12-31,,,,,,2025-09-30 22:01:02.379701+03:00,2025-09-30 22:01:02.379701+03:00
4180.SR,Fitaihi Holding Group,Tadawul,2025,2,2025-06-30,8682999.00,3297208.00,7233970.00,-8927747.00,-8990576.00,2025-09-30 22:00:40.494645+03:00,2025-09-30 22:00:40.494645+03:00
4180.SR,Fitaihi Holding Group,Tadawul,2025,1,2025-03-31,11496519.00,4056970.00,-980363.00,-2808082.00,-3546939.00,2025-09-30 22:00:40.494645+03:00,2025-09-30 22:00:40.494645+03:00
4180.SR,Fitaihi Holding Group,Tadawul,2024,4,2024-12-31,14222013.00,5762152.00,3540820.00,1812933.00,1000877.00,2025-09-30 22:00:40.494645+03:00,2025-09-30 22:00:40.494645+03:00
4180.SR,Fitaihi Holding Group,Tadawul,2024,3,2024-09-30,8264445.00,3207820.00,905535.00,-5273119.00,-5483360.00,2025-09-30 22:00:40.494645+03:00,2025-09-30 22:00:40.494645+03:00
4180.SR,Fitaihi Holding Group,Tadawul,2024,2,2024-06-30,10788720.00,4024497.00,8031296.00,-2140096.00,-2645300.00,2025-09-30 22:00:40.494645+03:00,2025-09-30 22:00:40.494645+03:00
4180.SR,Fitaihi Holding Group,Tadawul,2024,1,2024-03-31,,,,,,2025-09-30 22:00:40.494645+03:00,2025-09-30 22:00:40.494645+03:00
4180.SR,Fitaihi Holding Group,Tadawul,2023,4,2023-12-31,,,,,,2025-09-30 22:00:40.494645+03:00,2025-09-30 22:00:40.494645+03:00
4190.SR,Jarir Marketing Company,Tadawul,2025,2,2025-06-30,2648292000.00,274431000.00,197184000.00,205355000.00,183768000.00,2025-09-30 22:02:51.984371+03:00,2025-09-30 22:02:51.984371+03:00
4190.SR,Jarir Marketing Company,Tadawul,2025,1,2025-03-31,2720177000.00,302673000.00,217289000.00,172934000.00,146028000.00,2025-09-30 22:02:51.984371+03:00,2025-09-30 22:02:51.984371+03:00
4190.SR,Jarir Marketing Company,Tadawul,2024,4,2024-12-31,2864448000.00,352719000.00,275317000.00,39220000.00,18252000.00,2025-09-30 22:02:51.984371+03:00,2025-09-30 22:02:51.984371+03:00
4190.SR,Jarir Marketing Company,Tadawul,2024,3,2024-09-30,2666671000.00,414621000.00,308233000.00,524414000.00,508608000.00,2025-09-30 22:02:51.984371+03:00,2025-09-30 22:02:51.984371+03:00
4190.SR,Jarir Marketing Company,Tadawul,2024,2,2024-06-30,2649954000.00,262467000.00,171090000.00,435921000.00,421373000.00,2025-09-30 22:02:51.984371+03:00,2025-09-30 22:02:51.984371+03:00
4190.SR,Jarir Marketing Company,Tadawul,2024,1,2024-03-31,,,,,,2025-09-30 22:02:51.984371+03:00,2025-09-30 22:02:51.984371+03:00
4191.SR,Abdullah Saad Mohammed Abo Moati for Bookstores Company,Tadawul,2025,2,2025-06-30,58573234.00,19110597.00,5467209.00,-14494747.00,-14634766.00,2025-09-30 22:02:39.033790+03:00,2025-09-30 22:02:39.033790+03:00
4191.SR,Abdullah Saad Mohammed Abo Moati for Bookstores Company,Tadawul,2025,1,2025-03-31,50337823.00,15042919.00,187157.00,5780229.00,5086326.00,2025-09-30 22:02:39.033790+03:00,2025-09-30 22:02:39.033790+03:00
4191.SR,Abdullah Saad Mohammed Abo Moati for Bookstores Company,Tadawul,2024,4,2024-12-31,78327480.00,23656755.00,9334857.00,16564788.00,16200052.00,2025-09-30 22:02:39.033790+03:00,2025-09-30 22:02:39.033790+03:00
4191.SR,Abdullah Saad Mohammed Abo Moati for Bookstores Company,Tadawul,2024,3,2024-09-30,87626642.00,26105747.00,10648773.00,8835450.00,7591253.00,2025-09-30 22:02:39.033790+03:00,2025-09-30 22:02:39.033790+03:00
4191.SR,Abdullah Saad Mohammed Abo Moati for Bookstores Company,Tadawul,2024,2,2024-06-30,49757553.00,15556282.00,1958628.00,-12663996.00,-14037044.00,2025-09-30 22:02:39.033790+03:00,2025-09-30 22:02:39.033790+03:00
4191.SR,Abdullah Saad Mohammed Abo Moati for Bookstores Company,Tadawul,2024,1,2024-03-31,,,,,,2025-09-30 22:02:39.033790+03:00,2025-09-30 22:02:39.033790+03:00
4191.SR,Abdullah Saad Mohammed Abo Moati for Bookstores Company,Tadawul,2023,4,2023-12-31,,,,,,2025-09-30 22:02:39.033790+03:00,2025-09-30 22:02:39.033790+03:00
4192.SR,Al-Saif Stores for Development & Investment Company,Tadawul,2025,2,2025-06-30,133506065.00,25968034.00,1453776.00,-16107719.00,-17669562.00,2025-09-30 22:02:25.706941+03:00,2025-09-30 22:02:25.706941+03:00
4192.SR,Al-Saif Stores for Development & Investment Company,Tadawul,2025,1,2025-03-31,229255361.00,67820269.00,35161461.00,12897044.00,10018304.00,2025-09-30 22:02:25.706941+03:00,2025-09-30 22:02:25.706941+03:00
4192.SR,Al-Saif Stores for Development & Investment Company,Tadawul,2024,4,2024-12-31,147275631.00,-29951296.00,2546684.00,25522637.00,16737735.00,2025-09-30 22:02:25.706941+03:00,2025-09-30 22:02:25.706941+03:00
4192.SR,Al-Saif Stores for Development & Investment Company,Tadawul,2024,3,2024-09-30,191085994.00,40711023.00,8619425.00,79779092.00,74920453.00,2025-09-30 22:02:25.706941+03:00,2025-09-30 22:02:25.706941+03:00
4192.SR,Al-Saif Stores for Development & Investment Company,Tadawul,2024,2,2024-06-30,123177916.00,19607296.00,-4845726.00,28701510.00,20920923.00,2025-09-30 22:02:25.706941+03:00,2025-09-30 22:02:25.706941+03:00
4192.SR,Al-Saif Stores for Development & Investment Company,Tadawul,2024,1,2024-03-31,,,,,,2025-09-30 22:02:25.706941+03:00,2025-09-30 22:02:25.706941+03:00
4192.SR,Al-Saif Stores for Development & Investment Company,Tadawul,2023,4,2023-12-31,,,,,,2025-09-30 22:02:25.706941+03:00,2025-09-30 22:02:25.706941+03:00
4193.SR,Nice One Beauty Digital Marketing Company,Tadawul,2025,2,2025-06-30,192342423.00,50307215.00,-1287270.00,-44286318.00,-63608552.00,2025-09-30 22:02:30.242778+03:00,2025-09-30 22:02:30.242778+03:00
4193.SR,Nice One Beauty Digital Marketing Company,Tadawul,2025,1,2025-03-31,324970633.00,81268448.00,24124162.00,17825125.00,15246047.00,2025-09-30 22:02:30.242778+03:00,2025-09-30 22:02:30.242778+03:00
4193.SR,Nice One Beauty Digital Marketing Company,Tadawul,2024,3,2024-09-30,237653292.00,63199115.00,25813152.00,-21862837.00,-35910200.00,2025-09-30 22:02:30.242778+03:00,2025-09-30 22:02:30.242778+03:00
4193.SR,Nice One Beauty Digital Marketing Company,Tadawul,2024,2,2024-06-30,208771317.00,65918551.00,18167242.00,-9523961.00,-17129107.00,2025-09-30 22:02:30.242778+03:00,2025-09-30 22:02:30.242778+03:00
4193.SR,Nice One Beauty Digital Marketing Company,Tadawul,2024,1,2024-03-31,250052829.00,71099424.00,21898417.00,27313316.00,20227700.00,2025-09-30 22:02:30.242778+03:00,2025-09-30 22:02:30.242778+03:00
4200.SR,Aldrees Petroleum and Transport Services Company,Tadawul,2025,2,2025-06-30,6210609399.00,224541127.00,99662846.00,188392776.00,72495375.00,2025-09-30 22:02:56.225544+03:00,2025-09-30 22:02:56.225544+03:00
4200.SR,Aldrees Petroleum and Transport Services Company,Tadawul,2025,1,2025-03-31,5828678386.00,229806334.00,100086890.00,292478514.00,234486342.00,2025-09-30 22:02:56.225544+03:00,2025-09-30 22:02:56.225544+03:00
4200.SR,Aldrees Petroleum and Transport Services Company,Tadawul,2024,4,2024-12-31,5249670821.00,217471050.00,93556266.00,473952527.00,354769311.00,2025-09-30 22:02:56.225544+03:00,2025-09-30 22:02:56.225544+03:00
4200.SR,Aldrees Petroleum and Transport Services Company,Tadawul,2024,3,2024-09-30,5079896203.00,204151015.00,84647260.00,584084674.00,474627200.00,2025-09-30 22:02:56.225544+03:00,2025-09-30 22:02:56.225544+03:00
4200.SR,Aldrees Petroleum and Transport Services Company,Tadawul,2024,2,2024-06-30,4601147032.00,200095450.00,82405831.00,185310023.00,120329638.00,2025-09-30 22:02:56.225544+03:00,2025-09-30 22:02:56.225544+03:00
4200.SR,Aldrees Petroleum and Transport Services Company,Tadawul,2024,1,2024-03-31,,,,,,2025-09-30 22:02:56.225544+03:00,2025-09-30 22:02:56.225544+03:00
4210.SR,Saudi Research and Media Group,Tadawul,2025,2,2025-06-30,689318555.00,148159502.00,-9744902.00,112327316.00,89804821.00,2025-09-30 22:02:12.646348+03:00,2025-09-30 22:02:12.646348+03:00
4210.SR,Saudi Research and Media Group,Tadawul,2025,1,2025-03-31,665655042.00,161040083.00,30939018.00,162013422.00,135581793.00,2025-09-30 22:02:12.646348+03:00,2025-09-30 22:02:12.646348+03:00
4210.SR,Saudi Research and Media Group,Tadawul,2024,4,2024-12-31,747069636.00,65462376.00,-115051320.00,-446923171.00,-493668561.00,2025-09-30 22:02:12.646348+03:00,2025-09-30 22:02:12.646348+03:00
4210.SR,Saudi Research and Media Group,Tadawul,2024,3,2024-09-30,850890495.00,308779283.00,148459218.00,399830120.00,349960733.00,2025-09-30 22:02:12.646348+03:00,2025-09-30 22:02:12.646348+03:00
4210.SR,Saudi Research and Media Group,Tadawul,2024,2,2024-06-30,850528843.00,247914909.00,81414996.00,-754245788.00,-812710663.00,2025-09-30 22:02:12.646348+03:00,2025-09-30 22:02:12.646348+03:00
4210.SR,Saudi Research and Media Group,Tadawul,2024,1,2024-03-31,,,,,,2025-09-30 22:02:12.646348+03:00,2025-09-30 22:02:12.646348+03:00
4220.SR,Emaar The Economic City,Tadawul,2025,2,2025-06-30,118412000.00,-18891000.00,-43656000.00,-107398000.00,-118432000.00,2025-09-30 22:26:33.486359+03:00,2025-09-30 22:26:33.486359+03:00
4220.SR,Emaar The Economic City,Tadawul,2025,1,2025-03-31,203727000.00,76623000.00,-123287000.00,-66257000.00,-72326000.00,2025-09-30 22:26:33.486359+03:00,2025-09-30 22:26:33.486359+03:00
4220.SR,Emaar The Economic City,Tadawul,2024,4,2024-12-31,184807000.00,48426000.00,18223000.00,30301000.00,43109000.00,2025-09-30 22:26:33.486359+03:00,2025-09-30 22:26:33.486359+03:00
4220.SR,Emaar The Economic City,Tadawul,2024,3,2024-09-30,90720000.00,-81985000.00,-458869000.00,-69470000.00,-77775000.00,2025-09-30 22:26:33.486359+03:00,2025-09-30 22:26:33.486359+03:00
4220.SR,Emaar The Economic City,Tadawul,2024,2,2024-06-30,75926000.00,-46620000.00,-342269000.00,-186578000.00,-194239000.00,2025-09-30 22:26:33.486359+03:00,2025-09-30 22:26:33.486359+03:00
4220.SR,Emaar The Economic City,Tadawul,2024,1,2024-03-31,,,,,,2025-09-30 22:26:33.486359+03:00,2025-09-30 22:26:33.486359+03:00
4220.SR,Emaar The Economic City,Tadawul,2023,4,2023-12-31,,,,,,2025-09-30 22:26:33.486359+03:00,2025-09-30 22:26:33.486359+03:00
4230.SR,Red Sea International Company,Tadawul,2025,2,2025-06-30,779184000.00,90484000.00,-1256000.00,-122657000.00,-168108000.00,2025-09-30 22:27:21.924216+03:00,2025-09-30 22:27:21.924216+03:00
4230.SR,Red Sea International Company,Tadawul,2025,1,2025-03-31,700663000.00,92491000.00,-11227000.00,36342000.00,23731000.00,2025-09-30 22:27:21.924216+03:00,2025-09-30 22:27:21.924216+03:00
4230.SR,Red Sea International Company,Tadawul,2024,4,2024-12-31,867566000.00,100932000.00,-16776000.00,-96881000.00,-113924000.00,2025-09-30 22:27:21.924216+03:00,2025-09-30 22:27:21.924216+03:00
4230.SR,Red Sea International Company,Tadawul,2024,3,2024-09-30,705720000.00,74522000.00,-23306000.00,130247000.00,121493000.00,2025-09-30 22:27:21.924216+03:00,2025-09-30 22:27:21.924216+03:00
4230.SR,Red Sea International Company,Tadawul,2024,2,2024-06-30,751738000.00,101338000.00,-5154000.00,-14997000.00,-25283000.00,2025-09-30 22:27:21.924216+03:00,2025-09-30 22:27:21.924216+03:00
4230.SR,Red Sea International Company,Tadawul,2024,1,2024-03-31,,,,,,2025-09-30 22:27:21.924216+03:00,2025-09-30 22:27:21.924216+03:00
4240.SR,Fawaz Abdulaziz Al Hokair & Company,Tadawul,2025,2,2025-06-30,1128318131.00,189127455.00,-87364602.00,125722308.00,90741222.00,2025-09-30 22:03:00.567320+03:00,2025-09-30 22:03:00.567320+03:00
4240.SR,Fawaz Abdulaziz Al Hokair & Company,Tadawul,2025,1,2025-03-31,1334751738.00,177831018.00,1811234.00,262221523.00,227634651.00,2025-09-30 22:03:00.567320+03:00,2025-09-30 22:03:00.567320+03:00
4240.SR,Fawaz Abdulaziz Al Hokair & Company,Tadawul,2024,4,2024-12-31,1128979864.00,186019363.00,-150366827.00,371223026.00,313215809.00,2025-09-30 22:03:00.567320+03:00,2025-09-30 22:03:00.567320+03:00
4240.SR,Fawaz Abdulaziz Al Hokair & Company,Tadawul,2024,3,2024-09-30,1170002553.00,124261664.00,17712237.00,272556306.00,202165908.00,2025-09-30 22:03:00.567320+03:00,2025-09-30 22:03:00.567320+03:00
4240.SR,Fawaz Abdulaziz Al Hokair & Company,Tadawul,2024,2,2024-06-30,1213393642.00,207349475.00,80931832.00,398203582.00,357704157.00,2025-09-30 22:03:00.567320+03:00,2025-09-30 22:03:00.567320+03:00
4240.SR,Fawaz Abdulaziz Al Hokair & Company,Tadawul,2024,1,2024-03-31,,,,,,2025-09-30 22:03:00.567320+03:00,2025-09-30 22:03:00.567320+03:00
4240.SR,Fawaz Abdulaziz Al Hokair & Company,Tadawul,2023,4,2023-12-31,,,,,,2025-09-30 22:03:00.567320+03:00,2025-09-30 22:03:00.567320+03:00
4250.SR,Jabal Omar Development Company,Tadawul,2025,2,2025-06-30,501704000.00,192821000.00,-42061000.00,-104330000.00,-230723000.00,2025-09-30 22:26:37.764527+03:00,2025-09-30 22:26:37.764527+03:00
4250.SR,Jabal Omar Development Company,Tadawul,2025,1,2025-03-31,747731000.00,331863000.00,945936000.00,173049000.00,16367000.00,2025-09-30 22:26:37.764527+03:00,2025-09-30 22:26:37.764527+03:00
4250.SR,Jabal Omar Development Company,Tadawul,2024,4,2024-12-31,427385000.00,96231000.00,351387000.00,-118211000.00,-218489000.00,2025-09-30 22:26:37.764527+03:00,2025-09-30 22:26:37.764527+03:00
4250.SR,Jabal Omar Development Company,Tadawul,2024,3,2024-09-30,256038000.00,-38817000.00,-203616000.00,-258587000.00,-309719000.00,2025-09-30 22:26:37.764527+03:00,2025-09-30 22:26:37.764527+03:00
4250.SR,Jabal Omar Development Company,Tadawul,2024,2,2024-06-30,625120000.00,296087000.00,33317000.00,-51682000.00,-120312000.00,2025-09-30 22:26:37.764527+03:00,2025-09-30 22:26:37.764527+03:00
4250.SR,Jabal Omar Development Company,Tadawul,2024,1,2024-03-31,,,,,,2025-09-30 22:26:37.764527+03:00,2025-09-30 22:26:37.764527+03:00
4250.SR,Jabal Omar Development Company,Tadawul,2023,4,2023-12-31,,,,,,2025-09-30 22:26:37.764527+03:00,2025-09-30 22:26:37.764527+03:00
4260.SR,United International Transportation Company,Tadawul,2025,2,2025-06-30,544651000.00,169227000.00,85630000.00,-22602000.00,-31925000.00,2025-09-30 21:59:52.363428+03:00,2025-09-30 21:59:52.363428+03:00
4260.SR,United International Transportation Company,Tadawul,2025,1,2025-03-31,543413000.00,173999000.00,82761000.00,18494000.00,12656000.00,2025-09-30 21:59:52.363428+03:00,2025-09-30 21:59:52.363428+03:00
4260.SR,United International Transportation Company,Tadawul,2024,4,2024-12-31,623335000.00,150421000.00,102008000.00,126632000.00,109102000.00,2025-09-30 21:59:52.363428+03:00,2025-09-30 21:59:52.363428+03:00
4260.SR,United International Transportation Company,Tadawul,2024,3,2024-09-30,505821000.00,156573000.00,71698000.00,-38430000.00,-46717000.00,2025-09-30 21:59:52.363428+03:00,2025-09-30 21:59:52.363428+03:00
4260.SR,United International Transportation Company,Tadawul,2024,2,2024-06-30,425074000.00,119694000.00,70874000.00,-52289000.00,-66598000.00,2025-09-30 21:59:52.363428+03:00,2025-09-30 21:59:52.363428+03:00
4260.SR,United International Transportation Company,Tadawul,2024,1,2024-03-31,,,,,,2025-09-30 21:59:52.363428+03:00,2025-09-30 21:59:52.363428+03:00
4261.SR,Theeb Rent A Car Company,Tadawul,2025,2,2025-06-30,364874728.00,118043123.00,47792530.00,43864217.00,42737293.00,2025-09-30 22:00:00.982886+03:00,2025-09-30 22:00:00.982886+03:00
4261.SR,Theeb Rent A Car Company,Tadawul,2025,1,2025-03-31,336676721.00,113180886.00,45362169.00,-163047568.00,-165288762.00,2025-09-30 22:00:00.982886+03:00,2025-09-30 22:00:00.982886+03:00
4261.SR,Theeb Rent A Car Company,Tadawul,2024,4,2024-12-31,336921269.00,106517112.00,51163814.00,-57523611.00,-62210482.00,2025-09-30 22:00:00.982886+03:00,2025-09-30 22:00:00.982886+03:00
4261.SR,Theeb Rent A Car Company,Tadawul,2024,3,2024-09-30,337395194.00,106552544.00,46485763.00,10114003.00,7827155.00,2025-09-30 22:00:00.982886+03:00,2025-09-30 22:00:00.982886+03:00
4261.SR,Theeb Rent A Car Company,Tadawul,2024,2,2024-06-30,321781156.00,105828308.00,44580514.00,12179173.00,8625829.00,2025-09-30 22:00:00.982886+03:00,2025-09-30 22:00:00.982886+03:00
4261.SR,Theeb Rent A Car Company,Tadawul,2024,1,2024-03-31,,,,,,2025-09-30 22:00:00.982886+03:00,2025-09-30 22:00:00.982886+03:00
4261.SR,Theeb Rent A Car Company,Tadawul,2023,4,2023-12-31,,,,,,2025-09-30 22:00:00.982886+03:00,2025-09-30 22:00:00.982886+03:00
4262.SR,Lumi Rental Company,Tadawul,2025,2,2025-06-30,416129377.00,125157467.00,54212873.00,-133643132.00,-147841430.00,2025-09-30 22:00:05.339713+03:00,2025-09-30 22:00:05.339713+03:00
4262.SR,Lumi Rental Company,Tadawul,2025,1,2025-03-31,411531305.00,120452709.00,53148902.00,3321131.00,3040821.00,2025-09-30 22:00:05.339713+03:00,2025-09-30 22:00:05.339713+03:00
4262.SR,Lumi Rental Company,Tadawul,2024,4,2024-12-31,402128000.00,112780135.00,49445362.00,81092892.00,80412576.00,2025-09-30 22:00:05.339713+03:00,2025-09-30 22:00:05.339713+03:00
4262.SR,Lumi Rental Company,Tadawul,2024,3,2024-09-30,403120202.00,116246623.00,40134933.00,197796242.00,183084303.00,2025-09-30 22:00:05.339713+03:00,2025-09-30 22:00:05.339713+03:00
4262.SR,Lumi Rental Company,Tadawul,2024,2,2024-06-30,360477017.00,95274529.00,46010396.00,-211330785.00,-218665134.00,2025-09-30 22:00:05.339713+03:00,2025-09-30 22:00:05.339713+03:00
4262.SR,Lumi Rental Company,Tadawul,2024,1,2024-03-31,,,,,,2025-09-30 22:00:05.339713+03:00,2025-09-30 22:00:05.339713+03:00
4263.SR,SAL Saudi Logistics Services Co,Tadawul,2025,2,2025-06-30,393973000.00,223997000.00,162244000.00,289110000.00,264571000.00,2025-09-30 22:00:09.606585+03:00,2025-09-30 22:00:09.606585+03:00
4263.SR,SAL Saudi Logistics Services Co,Tadawul,2025,1,2025-03-31,384057000.00,214150000.00,153091000.00,39449000.00,24685000.00,2025-09-30 22:00:09.606585+03:00,2025-09-30 22:00:09.606585+03:00
4263.SR,SAL Saudi Logistics Services Co,Tadawul,2024,4,2024-12-31,408690000.00,223321000.00,142033000.00,278640000.00,263192000.00,2025-09-30 22:00:09.606585+03:00,2025-09-30 22:00:09.606585+03:00
4263.SR,SAL Saudi Logistics Services Co,Tadawul,2024,3,2024-09-30,367257000.00,208485000.00,155504000.00,240067000.00,226617000.00,2025-09-30 22:00:09.606585+03:00,2025-09-30 22:00:09.606585+03:00
4263.SR,SAL Saudi Logistics Services Co,Tadawul,2024,2,2024-06-30,405484000.00,222426000.00,155452000.00,118911000.00,106893000.00,2025-09-30 22:00:09.606585+03:00,2025-09-30 22:00:09.606585+03:00
4263.SR,SAL Saudi Logistics Services Co,Tadawul,2024,1,2024-03-31,,,,,,2025-09-30 22:00:09.606585+03:00,2025-09-30 22:00:09.606585+03:00
4264.SR,Flynas Company,Tadawul,2025,2,2025-06-30,2144262652.00,451474750.00,-862505163.00,,,2025-09-30 22:00:13.854957+03:00,2025-09-30 22:00:13.854957+03:00
4264.SR,Flynas Company,Tadawul,2024,2,2024-06-30,2176380299.00,482558151.00,238864283.00,,,2025-09-30 22:00:13.854957+03:00,2025-09-30 22:00:13.854957+03:00
4270.SR,Saudi Printing and Packaging Co.,Tadawul,2025,2,2025-06-30,160195937.00,8139839.00,-31182470.00,9564441.00,5378446.00,2025-09-30 21:59:21.913611+03:00,2025-09-30 21:59:21.913611+03:00
4270.SR,Saudi Printing and Packaging Co.,Tadawul,2025,1,2025-03-31,164896564.00,11973370.00,-24401868.00,29214615.00,27402505.00,2025-09-30 21:59:21.913611+03:00,2025-09-30 21:59:21.913611+03:00
4270.SR,Saudi Printing and Packaging Co.,Tadawul,2024,4,2024-12-31,179506349.00,-5164447.00,-88016769.00,50041781.00,41166842.00,2025-09-30 21:59:21.913611+03:00,2025-09-30 21:59:21.913611+03:00
4270.SR,Saudi Printing and Packaging Co.,Tadawul,2024,3,2024-09-30,180337048.00,11377250.00,-37659290.00,5222391.00,-921810.00,2025-09-30 21:59:21.913611+03:00,2025-09-30 21:59:21.913611+03:00
4270.SR,Saudi Printing and Packaging Co.,Tadawul,2024,2,2024-06-30,174449820.00,6215416.00,-71115815.00,15223428.00,8443109.00,2025-09-30 21:59:21.913611+03:00,2025-09-30 21:59:21.913611+03:00
4270.SR,Saudi Printing and Packaging Co.,Tadawul,2024,1,2024-03-31,,,,,,2025-09-30 21:59:21.913611+03:00,2025-09-30 21:59:21.913611+03:00
4280.SR,Kingdom Holding Company,Tadawul,2025,2,2025-06-30,623078000.00,351833000.00,405103000.00,82513000.00,-24740000.00,2025-09-30 22:22:05.912498+03:00,2025-09-30 22:22:05.912498+03:00
4280.SR,Kingdom Holding Company,Tadawul,2025,1,2025-03-31,741509000.00,498624000.00,431611000.00,339235000.00,249092000.00,2025-09-30 22:22:05.912498+03:00,2025-09-30 22:22:05.912498+03:00
4280.SR,Kingdom Holding Company,Tadawul,2024,4,2024-12-31,566650000.00,278816000.00,69516000.00,628864000.00,568809000.00,2025-09-30 22:22:05.912498+03:00,2025-09-30 22:22:05.912498+03:00
4280.SR,Kingdom Holding Company,Tadawul,2024,3,2024-09-30,612017000.00,338631000.00,347060000.00,1459933000.00,1392181000.00,2025-09-30 22:22:05.912498+03:00,2025-09-30 22:22:05.912498+03:00
4280.SR,Kingdom Holding Company,Tadawul,2024,2,2024-06-30,647459000.00,401966000.00,624200000.00,199774000.00,119886000.00,2025-09-30 22:22:05.912498+03:00,2025-09-30 22:22:05.912498+03:00
4280.SR,Kingdom Holding Company,Tadawul,2024,1,2024-03-31,,,,,,2025-09-30 22:22:05.912498+03:00,2025-09-30 22:22:05.912498+03:00
4290.SR,Al Khaleej Training and Education Company,Tadawul,2025,2,2025-06-30,294898470.00,55910592.00,7034306.00,-4533329.00,-8043269.00,2025-09-30 22:01:29.051228+03:00,2025-09-30 22:01:29.051228+03:00
4290.SR,Al Khaleej Training and Education Company,Tadawul,2025,1,2025-03-31,287954064.00,54448999.00,1045864.00,25700381.00,15129145.00,2025-09-30 22:01:29.051228+03:00,2025-09-30 22:01:29.051228+03:00
4290.SR,Al Khaleej Training and Education Company,Tadawul,2024,4,2024-12-31,291385073.00,65421653.00,-13331553.00,46399007.00,37089816.00,2025-09-30 22:01:29.051228+03:00,2025-09-30 22:01:29.051228+03:00
4290.SR,Al Khaleej Training and Education Company,Tadawul,2024,3,2024-09-30,311754461.00,72991842.00,26085255.00,85952826.00,70988347.00,2025-09-30 22:01:29.051228+03:00,2025-09-30 22:01:29.051228+03:00
4290.SR,Al Khaleej Training and Education Company,Tadawul,2024,2,2024-06-30,262073703.00,47383433.00,2608662.00,21491358.00,10196507.00,2025-09-30 22:01:29.051228+03:00,2025-09-30 22:01:29.051228+03:00
4290.SR,Al Khaleej Training and Education Company,Tadawul,2024,1,2024-03-31,,,,,,2025-09-30 22:01:29.051228+03:00,2025-09-30 22:01:29.051228+03:00
4291.SR,National Company for Learning and Education,Tadawul,2025,2,2025-04-30,164823220.00,72518083.00,42621348.00,7753938.00,-23688730.00,2025-09-30 22:01:37.929082+03:00,2025-09-30 22:01:37.929082+03:00
4291.SR,National Company for Learning and Education,Tadawul,2025,1,2025-01-31,164061620.00,67602061.00,40110194.00,25452524.00,-34327893.00,2025-09-30 22:01:37.929082+03:00,2025-09-30 22:01:37.929082+03:00
4291.SR,National Company for Learning and Education,Tadawul,2024,4,2024-10-31,163661194.00,68892277.00,38113433.00,145096641.00,122037622.00,2025-09-30 22:01:37.929082+03:00,2025-09-30 22:01:37.929082+03:00
4291.SR,National Company for Learning and Education,Tadawul,2024,2,2024-05-31,141845720.00,59335452.00,34797880.00,27292472.00,12367787.00,2025-09-30 22:01:37.929082+03:00,2025-09-30 22:01:37.929082+03:00
4291.SR,National Company for Learning and Education,Tadawul,2024,1,2024-02-29,141036820.00,58799151.00,33993255.00,8941618.00,-19743592.00,2025-09-30 22:01:37.929082+03:00,2025-09-30 22:01:37.929082+03:00
4292.SR,Ataa Educational Company,Tadawul,2025,3,2025-07-31,141407998.00,54942269.00,28523983.00,16021497.00,-11279537.00,2025-09-30 22:01:42.260071+03:00,2025-09-30 22:01:42.260071+03:00
4292.SR,Ataa Educational Company,Tadawul,2025,2,2025-04-30,168670304.00,47839045.00,13878859.00,-4179032.00,-20642616.00,2025-09-30 22:01:42.260071+03:00,2025-09-30 22:01:42.260071+03:00
4292.SR,Ataa Educational Company,Tadawul,2025,1,2025-01-31,165364772.00,39544189.00,20828609.00,27534445.00,12191445.00,2025-09-30 22:01:42.260071+03:00,2025-09-30 22:01:42.260071+03:00
4292.SR,Ataa Educational Company,Tadawul,2024,4,2024-10-31,165325240.00,48810542.00,19573251.00,133161834.00,103891403.00,2025-09-30 22:01:42.260071+03:00,2025-09-30 22:01:42.260071+03:00
4292.SR,Ataa Educational Company,Tadawul,2024,3,2024-07-31,168031261.00,58129745.00,18963301.00,43227349.00,22821134.00,2025-09-30 22:01:42.260071+03:00,2025-09-30 22:01:42.260071+03:00
4292.SR,Ataa Educational Company,Tadawul,2024,2,2024-04-30,,,,,,2025-09-30 22:01:42.260071+03:00,2025-09-30 22:01:42.260071+03:00
4292.SR,Ataa Educational Company,Tadawul,2024,1,2024-01-31,,,,,,2025-09-30 22:01:42.260071+03:00,2025-09-30 22:01:42.260071+03:00
4300.SR,Dar Al Arkan Real Estate Development Company,Tadawul,2025,2,2025-06-30,852137000.00,410847000.00,238644000.00,-135246000.00,-136874000.00,2025-09-30 22:26:42.373241+03:00,2025-09-30 22:26:42.373241+03:00
4300.SR,Dar Al Arkan Real Estate Development Company,Tadawul,2025,1,2025-03-31,932007000.00,406568000.00,209729000.00,280099000.00,279487000.00,2025-09-30 22:26:42.373241+03:00,2025-09-30 22:26:42.373241+03:00
4300.SR,Dar Al Arkan Real Estate Development Company,Tadawul,2024,4,2024-12-31,1013812000.00,448367000.00,353384000.00,1345105000.00,1341506000.00,2025-09-30 22:26:42.373241+03:00,2025-09-30 22:26:42.373241+03:00
4300.SR,Dar Al Arkan Real Estate Development Company,Tadawul,2024,3,2024-09-30,918727000.00,412108000.00,134745000.00,-132481000.00,-135758000.00,2025-09-30 22:26:42.373241+03:00,2025-09-30 22:26:42.373241+03:00
4300.SR,Dar Al Arkan Real Estate Development Company,Tadawul,2024,2,2024-06-30,961563000.00,383736000.00,165966000.00,-79825000.00,-81304000.00,2025-09-30 22:26:42.373241+03:00,2025-09-30 22:26:42.373241+03:00
4300.SR,Dar Al Arkan Real Estate Development Company,Tadawul,2024,1,2024-03-31,,,,,,2025-09-30 22:26:42.373241+03:00,2025-09-30 22:26:42.373241+03:00
4310.SR,Knowledge Economic City Company,Tadawul,2025,2,2025-06-30,61458422.00,12176801.00,-37685414.00,5738377.00,4298355.00,2025-09-30 22:26:47.088421+03:00,2025-09-30 22:26:47.088421+03:00
4310.SR,Knowledge Economic City Company,Tadawul,2025,1,2025-03-31,50998379.00,9779180.00,-17259637.00,-71407311.00,-73211731.00,2025-09-30 22:26:47.088421+03:00,2025-09-30 22:26:47.088421+03:00
4310.SR,Knowledge Economic City Company,Tadawul,2024,4,2024-12-31,112836869.00,60297932.00,26664505.00,-90740983.00,-91675915.00,2025-09-30 22:26:47.088421+03:00,2025-09-30 22:26:47.088421+03:00
4310.SR,Knowledge Economic City Company,Tadawul,2024,3,2024-09-30,34857052.00,6422841.00,-8925261.00,-16020919.00,-18359638.00,2025-09-30 22:26:47.088421+03:00,2025-09-30 22:26:47.088421+03:00
4310.SR,Knowledge Economic City Company,Tadawul,2024,2,2024-06-30,3592800.00,885900.00,-25113506.00,-20409854.00,-20817218.00,2025-09-30 22:26:47.088421+03:00,2025-09-30 22:26:47.088421+03:00
4310.SR,Knowledge Economic City Company,Tadawul,2024,1,2024-03-31,,,,,,2025-09-30 22:26:47.088421+03:00,2025-09-30 22:26:47.088421+03:00
4310.SR,Knowledge Economic City Company,Tadawul,2023,4,2023-12-31,,,,,,2025-09-30 22:26:47.088421+03:00,2025-09-30 22:26:47.088421+03:00
4320.SR,Alandalus Property Company,Tadawul,2025,2,2025-06-30,53938522.00,31387938.00,-10139011.00,45190106.00,37521200.00,2025-09-30 22:26:51.395627+03:00,2025-09-30 22:26:51.395627+03:00
4320.SR,Alandalus Property Company,Tadawul,2025,1,2025-03-31,56407863.00,33938229.00,-834078.00,3777515.00,-2098940.00,2025-09-30 22:26:51.395627+03:00,2025-09-30 22:26:51.395627+03:00
4320.SR,Alandalus Property Company,Tadawul,2024,4,2024-12-31,65500336.00,40865340.00,-15827908.00,15539469.00,13159033.00,2025-09-30 22:26:51.395627+03:00,2025-09-30 22:26:51.395627+03:00
4320.SR,Alandalus Property Company,Tadawul,2024,3,2024-09-30,58681933.00,35137486.00,-9239662.00,51848663.00,27000273.00,2025-09-30 22:26:51.395627+03:00,2025-09-30 22:26:51.395627+03:00
4320.SR,Alandalus Property Company,Tadawul,2024,2,2024-06-30,58708784.00,36924778.00,-11248126.00,62983179.00,62005667.00,2025-09-30 22:26:51.395627+03:00,2025-09-30 22:26:51.395627+03:00
4320.SR,Alandalus Property Company,Tadawul,2024,1,2024-03-31,,,,,,2025-09-30 22:26:51.395627+03:00,2025-09-30 22:26:51.395627+03:00
4321.SR,Arabian Centres Company,Tadawul,2025,2,2025-06-30,582616442.00,489380127.00,472903887.00,561711301.00,560491711.00,2025-09-30 22:26:55.739719+03:00,2025-09-30 22:26:55.739719+03:00
4321.SR,Arabian Centres Company,Tadawul,2025,1,2025-03-31,590633704.00,511746184.00,216916382.00,179068259.00,175694267.00,2025-09-30 22:26:55.739719+03:00,2025-09-30 22:26:55.739719+03:00
4321.SR,Arabian Centres Company,Tadawul,2024,4,2024-12-31,584669162.00,526624524.00,350806567.00,622785310.00,621350005.00,2025-09-30 22:26:55.739719+03:00,2025-09-30 22:26:55.739719+03:00
4321.SR,Arabian Centres Company,Tadawul,2024,3,2024-09-30,587066758.00,486447347.00,334649223.00,291825107.00,291485547.00,2025-09-30 22:26:55.739719+03:00,2025-09-30 22:26:55.739719+03:00
4321.SR,Arabian Centres Company,Tadawul,2024,2,2024-06-30,586546270.00,485491558.00,353111611.00,146145918.00,143522147.00,2025-09-30 22:26:55.739719+03:00,2025-09-30 22:26:55.739719+03:00
4321.SR,Arabian Centres Company,Tadawul,2024,1,2024-03-31,,,,,,2025-09-30 22:26:55.739719+03:00,2025-09-30 22:26:55.739719+03:00
4321.SR,Arabian Centres Company,Tadawul,2023,4,2023-12-31,,,,,,2025-09-30 22:26:55.739719+03:00,2025-09-30 22:26:55.739719+03:00
4322.SR,Retal Urban Development Company,Tadawul,2025,2,2025-06-30,488438153.00,106261295.00,66124273.00,-303700117.00,-348730688.00,2025-09-30 22:27:00.062419+03:00,2025-09-30 22:27:00.062419+03:00
4322.SR,Retal Urban Development Company,Tadawul,2025,1,2025-03-31,567072371.00,130094902.00,68129664.00,494990541.00,490031415.00,2025-09-30 22:27:00.062419+03:00,2025-09-30 22:27:00.062419+03:00
4322.SR,Retal Urban Development Company,Tadawul,2024,4,2024-12-31,588481208.00,133877743.00,91639617.00,-286152029.00,-302998463.00,2025-09-30 22:27:00.062419+03:00,2025-09-30 22:27:00.062419+03:00
4322.SR,Retal Urban Development Company,Tadawul,2024,3,2024-09-30,510428677.00,109976411.00,40028171.00,123624141.00,115365839.00,2025-09-30 22:27:00.062419+03:00,2025-09-30 22:27:00.062419+03:00
4322.SR,Retal Urban Development Company,Tadawul,2024,2,2024-06-30,463673036.00,128949325.00,72182443.00,111686255.00,102509362.00,2025-09-30 22:27:00.062419+03:00,2025-09-30 22:27:00.062419+03:00
4322.SR,Retal Urban Development Company,Tadawul,2024,1,2024-03-31,,,,,,2025-09-30 22:27:00.062419+03:00,2025-09-30 22:27:00.062419+03:00
4323.SR,Sumou Real Estate Company,Tadawul,2025,2,2025-06-30,104166604.00,25000728.00,37079584.00,56275519.00,56195197.00,2025-09-30 22:27:08.711337+03:00,2025-09-30 22:27:08.711337+03:00
4323.SR,Sumou Real Estate Company,Tadawul,2025,1,2025-03-31,101489572.00,28700662.00,22363347.00,31262158.00,31082333.00,2025-09-30 22:27:08.711337+03:00,2025-09-30 22:27:08.711337+03:00
4323.SR,Sumou Real Estate Company,Tadawul,2024,4,2024-12-31,111880767.00,24891154.00,23327830.00,-32579628.00,-32931816.00,2025-09-30 22:27:08.711337+03:00,2025-09-30 22:27:08.711337+03:00
4323.SR,Sumou Real Estate Company,Tadawul,2024,3,2024-09-30,109333962.00,32629423.00,29777351.00,47791649.00,47766897.00,2025-09-30 22:27:08.711337+03:00,2025-09-30 22:27:08.711337+03:00
4323.SR,Sumou Real Estate Company,Tadawul,2024,2,2024-06-30,127325938.00,29775576.00,34384016.00,10002305.00,9824020.00,2025-09-30 22:27:08.711337+03:00,2025-09-30 22:27:08.711337+03:00
4323.SR,Sumou Real Estate Company,Tadawul,2024,1,2024-03-31,,,,,,2025-09-30 22:27:08.711337+03:00,2025-09-30 22:27:08.711337+03:00
4323.SR,Sumou Real Estate Company,Tadawul,2023,4,2023-12-31,,,,,,2025-09-30 22:27:08.711337+03:00,2025-09-30 22:27:08.711337+03:00
4324.SR,Banan Real Estate Co.,Tadawul,2025,2,2025-06-30,17707343.00,14604047.00,8169422.00,12564578.00,12563813.00,2025-09-30 22:27:13.272152+03:00,2025-09-30 22:27:13.272152+03:00
4324.SR,Banan Real Estate Co.,Tadawul,2025,1,2025-03-31,18031761.00,15249227.00,9997824.00,10860772.00,10825713.00,2025-09-30 22:27:13.272152+03:00,2025-09-30 22:27:13.272152+03:00
4324.SR,Banan Real Estate Co.,Tadawul,2024,2,2024-06-30,20227862.00,15298780.00,6417465.00,10427824.00,10774994.00,2025-09-30 22:27:13.272152+03:00,2025-09-30 22:27:13.272152+03:00
4324.SR,Banan Real Estate Co.,Tadawul,2024,1,2024-03-31,39295850.00,20959274.00,13637077.00,38769523.00,38417483.00,2025-09-30 22:27:13.272152+03:00,2025-09-30 22:27:13.272152+03:00
4325.SR,Umm Al Qura for Development and,Tadawul,2025,2,2025-06-30,669183740.00,323311819.00,236676045.00,403899168.00,385806047.00,2025-09-30 22:27:17.635071+03:00,2025-09-30 22:27:17.635071+03:00
4325.SR,Umm Al Qura for Development and,Tadawul,2025,1,2025-03-31,501980977.00,231415811.00,159659728.00,-111308186.00,-139352081.00,2025-09-30 22:27:17.635071+03:00,2025-09-30 22:27:17.635071+03:00
4325.SR,Umm Al Qura for Development and,Tadawul,2024,2,2024-06-30,576317458.00,253770835.00,187355111.00,-157703700.00,-163487577.00,2025-09-30 22:27:17.635071+03:00,2025-09-30 22:27:17.635071+03:00
4325.SR,Umm Al Qura for Development and,Tadawul,2024,1,2024-03-31,184430131.00,72481504.00,4805067.00,-26937500.00,-45305263.00,2025-09-30 22:27:17.635071+03:00,2025-09-30 22:27:17.635071+03:00
4350.SR,Alistithmar AREIC Diversified REIT,Tadawul,2024,4,2024-12-31,52371878.00,30589299.00,-22009165.00,10604182.00,10604182.00,2025-09-30 22:26:11.358505+03:00,2025-09-30 22:26:11.358505+03:00
5110.SR,Saudi Electricity Company,Tadawul,2025,2,2025-06-30,27721987000.00,7350685000.00,5284110000.00,6012332000.00,-13899364000.00,2025-09-30 22:24:31.191817+03:00,2025-09-30 22:24:31.191817+03:00
5110.SR,Saudi Electricity Company,Tadawul,2025,1,2025-03-31,19500384000.00,2874006000.00,967978000.00,4871550000.00,-15819091000.00,2025-09-30 22:24:31.191817+03:00,2025-09-30 22:24:31.191817+03:00
5110.SR,Saudi Electricity Company,Tadawul,2024,4,2024-12-31,22112301000.00,1420968000.00,-5272902000.00,22454023000.00,3367514000.00,2025-09-30 22:24:31.191817+03:00,2025-09-30 22:24:31.191817+03:00
5110.SR,Saudi Electricity Company,Tadawul,2024,3,2024-09-30,28315515000.00,8757423000.00,6898055000.00,9188969000.00,-5306082000.00,2025-09-30 22:24:31.191817+03:00,2025-09-30 22:24:31.191817+03:00
5110.SR,Saudi Electricity Company,Tadawul,2024,2,2024-06-30,22379335000.00,5167434000.00,4344610000.00,7804207000.00,-3200233000.00,2025-09-30 22:24:31.191817+03:00,2025-09-30 22:24:31.191817+03:00
5110.SR,Saudi Electricity Company,Tadawul,2024,1,2024-03-31,,,,,,2025-09-30 22:24:31.191817+03:00,2025-09-30 22:24:31.191817+03:00
5110.SR,Saudi Electricity Company,Tadawul,2023,4,2023-12-31,,,,,,2025-09-30 22:24:31.191817+03:00,2025-09-30 22:24:31.191817+03:00
6001.SR,Halwani Bros. Co. Ltd.,Tadawul,2025,2,2025-06-30,213902831.00,58130494.00,2435669.00,3026551.00,56720.00,2025-09-30 22:03:39.799640+03:00,2025-09-30 22:03:39.799640+03:00
6001.SR,Halwani Bros. Co. Ltd.,Tadawul,2025,1,2025-03-31,237755332.00,69538982.00,11507427.00,5292184.00,3061665.00,2025-09-30 22:03:39.799640+03:00,2025-09-30 22:03:39.799640+03:00
6001.SR,Halwani Bros. Co. Ltd.,Tadawul,2024,4,2024-12-31,237089079.00,69376034.00,18416628.00,-23681768.00,-26807180.00,2025-09-30 22:03:39.799640+03:00,2025-09-30 22:03:39.799640+03:00
6001.SR,Halwani Bros. Co. Ltd.,Tadawul,2024,3,2024-09-30,248549831.00,72910597.00,15482405.00,64085716.00,62144790.00,2025-09-30 22:03:39.799640+03:00,2025-09-30 22:03:39.799640+03:00
6001.SR,Halwani Bros. Co. Ltd.,Tadawul,2024,2,2024-06-30,215850567.00,67341323.00,15346799.00,37927093.00,35514231.00,2025-09-30 22:03:39.799640+03:00,2025-09-30 22:03:39.799640+03:00
6001.SR,Halwani Bros. Co. Ltd.,Tadawul,2024,1,2024-03-31,,,,,,2025-09-30 22:03:39.799640+03:00,2025-09-30 22:03:39.799640+03:00
6001.SR,Halwani Bros. Co. Ltd.,Tadawul,2023,4,2023-12-31,,,,,,2025-09-30 22:03:39.799640+03:00,2025-09-30 22:03:39.799640+03:00
6002.SR,Herfy Food Services Company,Tadawul,2025,2,2025-06-30,284559331.00,76433749.00,899934.00,23279422.00,17753036.00,2025-09-30 22:00:53.493163+03:00,2025-09-30 22:00:53.493163+03:00
6002.SR,Herfy Food Services Company,Tadawul,2025,1,2025-03-31,268550530.00,61397776.00,-18596843.00,47673744.00,47194990.00,2025-09-30 22:00:53.493163+03:00,2025-09-30 22:00:53.493163+03:00
6002.SR,Herfy Food Services Company,Tadawul,2024,4,2024-12-31,255951076.00,33126873.00,-59906757.00,9652302.00,6405725.00,2025-09-30 22:00:53.493163+03:00,2025-09-30 22:00:53.493163+03:00
6002.SR,Herfy Food Services Company,Tadawul,2024,3,2024-09-30,278654006.00,46479592.00,-33367633.00,45485618.00,41138325.00,2025-09-30 22:00:53.493163+03:00,2025-09-30 22:00:53.493163+03:00
6002.SR,Herfy Food Services Company,Tadawul,2024,2,2024-06-30,301121310.00,65533481.00,-23697915.00,34027782.00,27849688.00,2025-09-30 22:00:53.493163+03:00,2025-09-30 22:00:53.493163+03:00
6002.SR,Herfy Food Services Company,Tadawul,2024,1,2024-03-31,,,,,,2025-09-30 22:00:53.493163+03:00,2025-09-30 22:00:53.493163+03:00
6004.SR,CATRION Catering Holding Company,Tadawul,2025,2,2025-06-30,571452671.00,159159948.00,65388472.00,35188138.00,-142567578.00,2025-09-30 21:59:34.912181+03:00,2025-09-30 21:59:34.912181+03:00
6004.SR,CATRION Catering Holding Company,Tadawul,2025,1,2025-03-31,589387152.00,169889520.00,74777681.00,-99695038.00,-264700217.00,2025-09-30 21:59:34.912181+03:00,2025-09-30 21:59:34.912181+03:00
6004.SR,CATRION Catering Holding Company,Tadawul,2024,4,2024-12-31,594431696.00,174541756.00,98738409.00,326291293.00,163530876.00,2025-09-30 21:59:34.912181+03:00,2025-09-30 21:59:34.912181+03:00
6004.SR,CATRION Catering Holding Company,Tadawul,2024,3,2024-09-30,587209457.00,165175404.00,109621631.00,60561283.00,-119805424.00,2025-09-30 21:59:34.912181+03:00,2025-09-30 21:59:34.912181+03:00
6004.SR,CATRION Catering Holding Company,Tadawul,2024,2,2024-06-30,564805470.00,149435020.00,73181762.00,176491227.00,103675019.00,2025-09-30 21:59:34.912181+03:00,2025-09-30 21:59:34.912181+03:00
6004.SR,CATRION Catering Holding Company,Tadawul,2024,1,2024-03-31,,,,,,2025-09-30 21:59:34.912181+03:00,2025-09-30 21:59:34.912181+03:00
6010.SR,The National Agricultural Development Company,Tadawul,2025,2,2025-06-30,830468386.00,313156013.00,115264467.00,189835563.00,60120887.00,2025-09-30 22:18:38.210164+03:00,2025-09-30 22:18:38.210164+03:00
6010.SR,The National Agricultural Development Company,Tadawul,2025,1,2025-03-31,1011451013.00,325752377.00,103418602.00,249419568.00,160429028.00,2025-09-30 22:18:38.210164+03:00,2025-09-30 22:18:38.210164+03:00
6010.SR,The National Agricultural Development Company,Tadawul,2024,4,2024-12-31,781673101.00,263393453.00,448046080.00,142382309.00,91127091.00,2025-09-30 22:18:38.210164+03:00,2025-09-30 22:18:38.210164+03:00
6010.SR,The National Agricultural Development Company,Tadawul,2024,3,2024-09-30,791085343.00,290327535.00,113376132.00,191788445.00,85540760.00,2025-09-30 22:18:38.210164+03:00,2025-09-30 22:18:38.210164+03:00
6010.SR,The National Agricultural Development Company,Tadawul,2024,2,2024-06-30,790061124.00,298567125.00,111882483.00,134722010.00,75707990.00,2025-09-30 22:18:38.210164+03:00,2025-09-30 22:18:38.210164+03:00
6010.SR,The National Agricultural Development Company,Tadawul,2024,1,2024-03-31,,,,,,2025-09-30 22:18:38.210164+03:00,2025-09-30 22:18:38.210164+03:00
6010.SR,The National Agricultural Development Company,Tadawul,2023,4,2023-12-31,,,,,,2025-09-30 22:18:38.210164+03:00,2025-09-30 22:18:38.210164+03:00
6012.SR,Raydan Food Company,Tadawul,2025,2,2025-06-30,24663806.00,-10205456.00,-10547196.00,-1536889.00,-1096126.00,2025-09-30 22:01:55.330942+03:00,2025-09-30 22:01:55.330942+03:00
6012.SR,Raydan Food Company,Tadawul,2025,1,2025-03-31,44212684.00,-726554.00,-7842236.00,6253920.00,4950344.00,2025-09-30 22:01:55.330942+03:00,2025-09-30 22:01:55.330942+03:00
6012.SR,Raydan Food Company,Tadawul,2024,4,2024-12-31,32617664.00,-3196486.00,-55534107.00,2232302.00,565565.00,2025-09-30 22:01:55.330942+03:00,2025-09-30 22:01:55.330942+03:00
6012.SR,Raydan Food Company,Tadawul,2024,3,2024-09-30,32716264.00,-2420105.00,-12754247.00,2556710.00,2091871.00,2025-09-30 22:01:55.330942+03:00,2025-09-30 22:01:55.330942+03:00
6012.SR,Raydan Food Company,Tadawul,2024,2,2024-06-30,47462356.00,2757420.00,-1565959.00,6787765.00,4151434.00,2025-09-30 22:01:55.330942+03:00,2025-09-30 22:01:55.330942+03:00
6012.SR,Raydan Food Company,Tadawul,2024,1,2024-03-31,,,,,,2025-09-30 22:01:55.330942+03:00,2025-09-30 22:01:55.330942+03:00
6012.SR,Raydan Food Company,Tadawul,2023,4,2023-12-31,,,,,,2025-09-30 22:01:55.330942+03:00,2025-09-30 22:01:55.330942+03:00
6013.SR,Development Works Food Company,Tadawul,2025,2,2025-06-30,28664894.00,3284304.00,1089393.00,5740764.00,5054682.00,2025-09-30 22:01:24.261907+03:00,2025-09-30 22:01:24.261907+03:00
6013.SR,Development Works Food Company,Tadawul,2025,1,2025-03-31,27252600.00,3393619.00,1419120.00,3659064.00,3060879.00,2025-09-30 22:01:24.261907+03:00,2025-09-30 22:01:24.261907+03:00
6013.SR,Development Works Food Company,Tadawul,2024,4,2024-12-31,20695943.00,-2073259.00,-1308535.00,-644508.00,-921659.00,2025-09-30 22:01:24.261907+03:00,2025-09-30 22:01:24.261907+03:00
6013.SR,Development Works Food Company,Tadawul,2024,3,2024-09-30,25911067.00,2655303.00,375725.00,7174040.00,6888210.00,2025-09-30 22:01:24.261907+03:00,2025-09-30 22:01:24.261907+03:00
6013.SR,Development Works Food Company,Tadawul,2024,2,2024-06-30,26177277.00,2709877.00,1421535.00,6851826.00,5662183.00,2025-09-30 22:01:24.261907+03:00,2025-09-30 22:01:24.261907+03:00
6013.SR,Development Works Food Company,Tadawul,2024,1,2024-03-31,,,,,,2025-09-30 22:01:24.261907+03:00,2025-09-30 22:01:24.261907+03:00
6014.SR,Alamar Foods Company,Tadawul,2025,2,2025-06-30,236704237.00,70667496.00,15288727.00,39592188.00,30391115.00,2025-09-30 22:01:46.599905+03:00,2025-09-30 22:01:46.599905+03:00
6014.SR,Alamar Foods Company,Tadawul,2025,1,2025-03-31,211135530.00,55381002.00,-869768.00,10561097.00,6274626.00,2025-09-30 22:01:46.599905+03:00,2025-09-30 22:01:46.599905+03:00
6014.SR,Alamar Foods Company,Tadawul,2024,4,2024-12-31,229244829.00,71903139.00,21582492.00,22215921.00,14138432.00,2025-09-30 22:01:46.599905+03:00,2025-09-30 22:01:46.599905+03:00
6014.SR,Alamar Foods Company,Tadawul,2024,3,2024-09-30,229017268.00,66563195.00,20281333.00,29731405.00,24994993.00,2025-09-30 22:01:46.599905+03:00,2025-09-30 22:01:46.599905+03:00
6014.SR,Alamar Foods Company,Tadawul,2024,2,2024-06-30,226449709.00,68844681.00,13095909.00,15155674.00,13389021.00,2025-09-30 22:01:46.599905+03:00,2025-09-30 22:01:46.599905+03:00
6014.SR,Alamar Foods Company,Tadawul,2024,1,2024-03-31,,,,,,2025-09-30 22:01:46.599905+03:00,2025-09-30 22:01:46.599905+03:00
6015.SR,Americana Restaurants International PLC,Tadawul,2025,2,2025-06-30,643585000.00,346913000.00,59833000.00,156583000.00,130436000.00,2025-09-30 22:01:50.882899+03:00,2025-09-30 22:01:50.882899+03:00
6015.SR,Americana Restaurants International PLC,Tadawul,2025,1,2025-03-31,573384000.00,302938000.00,32649000.00,117875000.00,104255000.00,2025-09-30 22:01:50.882899+03:00,2025-09-30 22:01:50.882899+03:00
6015.SR,Americana Restaurants International PLC,Tadawul,2024,4,2024-12-31,588958000.00,315372000.00,41378000.00,134380000.00,93534000.00,2025-09-30 22:01:50.882899+03:00,2025-09-30 22:01:50.882899+03:00
6015.SR,Americana Restaurants International PLC,Tadawul,2024,3,2024-09-30,555029000.00,296715000.00,37421000.00,96157000.00,66754000.00,2025-09-30 22:01:50.882899+03:00,2025-09-30 22:01:50.882899+03:00
6015.SR,Americana Restaurants International PLC,Tadawul,2024,2,2024-06-30,559261000.00,301100000.00,51936000.00,161432000.00,119685000.00,2025-09-30 22:01:50.882899+03:00,2025-09-30 22:01:50.882899+03:00
6015.SR,Americana Restaurants International PLC,Tadawul,2024,1,2024-03-31,,,,,,2025-09-30 22:01:50.882899+03:00,2025-09-30 22:01:50.882899+03:00
6015.SR,Americana Restaurants International PLC,Tadawul,2023,4,2023-12-31,,,,,,2025-09-30 22:01:50.882899+03:00,2025-09-30 22:01:50.882899+03:00
6016.SR,Shatirah House Restaurant Co.,Tadawul,2025,2,2025-06-30,83812174.00,24127729.00,1073621.00,8557165.00,1343898.00,2025-09-30 22:01:11.378837+03:00,2025-09-30 22:01:11.378837+03:00
6016.SR,Shatirah House Restaurant Co.,Tadawul,2025,1,2025-03-31,78433557.00,24277565.00,2199782.00,11411175.00,4917199.00,2025-09-30 22:01:11.378837+03:00,2025-09-30 22:01:11.378837+03:00
6016.SR,Shatirah House Restaurant Co.,Tadawul,2024,4,2024-12-31,76423170.00,20888788.00,-1174089.00,6062059.00,1435623.00,2025-09-30 22:01:11.378837+03:00,2025-09-30 22:01:11.378837+03:00
6016.SR,Shatirah House Restaurant Co.,Tadawul,2024,3,2024-09-30,77074569.00,23053146.00,2930661.00,10254295.00,3984164.00,2025-09-30 22:01:11.378837+03:00,2025-09-30 22:01:11.378837+03:00
6016.SR,Shatirah House Restaurant Co.,Tadawul,2024,2,2024-06-30,70261367.00,21138955.00,1423156.00,8805332.00,5805542.00,2025-09-30 22:01:11.378837+03:00,2025-09-30 22:01:11.378837+03:00
6016.SR,Shatirah House Restaurant Co.,Tadawul,2024,1,2024-03-31,,,,,,2025-09-30 22:01:11.378837+03:00,2025-09-30 22:01:11.378837+03:00
6016.SR,Shatirah House Restaurant Co.,Tadawul,2023,4,2023-12-31,,,,,,2025-09-30 22:01:11.378837+03:00,2025-09-30 22:01:11.378837+03:00
6017.SR,Jahez International Company for Information Systems Technology,Tadawul,2025,2,2025-06-30,567077409.00,119277293.00,23595391.00,85807580.00,71802054.00,2025-09-30 22:01:19.931026+03:00,2025-09-30 22:01:19.931026+03:00
6017.SR,Jahez International Company for Information Systems Technology,Tadawul,2025,1,2025-03-31,525956884.00,125975428.00,35319409.00,-47951803.00,-54205353.00,2025-09-30 22:01:19.931026+03:00,2025-09-30 22:01:19.931026+03:00
6017.SR,Jahez International Company for Information Systems Technology,Tadawul,2024,4,2024-12-31,595501764.00,166653749.00,65135188.00,62575864.00,41091554.00,2025-09-30 22:01:19.931026+03:00,2025-09-30 22:01:19.931026+03:00
6017.SR,Jahez International Company for Information Systems Technology,Tadawul,2024,3,2024-09-30,601266739.00,157591152.00,80151424.00,130983567.00,126160294.00,2025-09-30 22:01:19.931026+03:00,2025-09-30 22:01:19.931026+03:00
6017.SR,Jahez International Company for Information Systems Technology,Tadawul,2024,2,2024-06-30,540962580.00,121278753.00,30244298.00,30138496.00,-129375028.00,2025-09-30 22:01:19.931026+03:00,2025-09-30 22:01:19.931026+03:00
6017.SR,Jahez International Company for Information Systems Technology,Tadawul,2024,1,2024-03-31,,,,,,2025-09-30 22:01:19.931026+03:00,2025-09-30 22:01:19.931026+03:00
6017.SR,Jahez International Company for Information Systems Technology,Tadawul,2023,4,2023-12-31,,,,,,2025-09-30 22:01:19.931026+03:00,2025-09-30 22:01:19.931026+03:00
6020.SR,Al Gassim Investment Holding Company,Tadawul,2025,2,2025-06-30,2318401.00,1989009.00,157931.00,-4892733.00,-4894083.00,2025-09-30 22:18:42.453385+03:00,2025-09-30 22:18:42.453385+03:00
6020.SR,Al Gassim Investment Holding Company,Tadawul,2025,1,2025-03-31,2318401.00,1895313.00,-3484975.00,3215990.00,3215990.00,2025-09-30 22:18:42.453385+03:00,2025-09-30 22:18:42.453385+03:00
6020.SR,Al Gassim Investment Holding Company,Tadawul,2024,4,2024-12-31,2511571.00,2056806.00,14915010.00,1882031.00,1578298.00,2025-09-30 22:18:42.453385+03:00,2025-09-30 22:18:42.453385+03:00
6020.SR,Al Gassim Investment Holding Company,Tadawul,2024,3,2024-09-30,2511571.00,2130960.00,-1087260.00,-5365689.00,-5365689.00,2025-09-30 22:18:42.453385+03:00,2025-09-30 22:18:42.453385+03:00
6020.SR,Al Gassim Investment Holding Company,Tadawul,2024,2,2024-06-30,2511573.00,2153483.00,-1832830.00,-4008199.00,-4013069.00,2025-09-30 22:18:42.453385+03:00,2025-09-30 22:18:42.453385+03:00
6020.SR,Al Gassim Investment Holding Company,Tadawul,2024,1,2024-03-31,,,,,,2025-09-30 22:18:42.453385+03:00,2025-09-30 22:18:42.453385+03:00
6040.SR,Tabuk Agricultural Development Company,Tadawul,2025,2,2025-06-30,12320697.00,-17015600.00,-17974354.00,-10865883.00,-11329522.00,2025-09-30 22:18:46.954999+03:00,2025-09-30 22:18:46.954999+03:00
6040.SR,Tabuk Agricultural Development Company,Tadawul,2025,1,2025-03-31,13109104.00,-99455.00,-7102197.00,-405684.00,-700213.00,2025-09-30 22:18:46.954999+03:00,2025-09-30 22:18:46.954999+03:00
6040.SR,Tabuk Agricultural Development Company,Tadawul,2024,4,2024-12-31,9804489.00,-4175034.00,-100377753.00,-1423813.00,-1651118.00,2025-09-30 22:18:46.954999+03:00,2025-09-30 22:18:46.954999+03:00
6040.SR,Tabuk Agricultural Development Company,Tadawul,2024,3,2024-09-30,15058955.00,-3692930.00,-16805817.00,-5162515.00,61661.00,2025-09-30 22:18:46.954999+03:00,2025-09-30 22:18:46.954999+03:00
6040.SR,Tabuk Agricultural Development Company,Tadawul,2024,2,2024-06-30,14152004.00,-868785.00,-17598789.00,-5303494.00,-11295408.00,2025-09-30 22:18:46.954999+03:00,2025-09-30 22:18:46.954999+03:00
6040.SR,Tabuk Agricultural Development Company,Tadawul,2024,1,2024-03-31,,,,,,2025-09-30 22:18:46.954999+03:00,2025-09-30 22:18:46.954999+03:00
6050.SR,Saudi Fisheries Company,Tadawul,2025,2,2025-06-30,1050070.00,532276.00,-10447483.00,-5718680.00,-5717530.00,2025-09-30 22:18:51.525772+03:00,2025-09-30 22:18:51.525772+03:00
6050.SR,Saudi Fisheries Company,Tadawul,2025,1,2025-03-31,1061640.00,492366.00,-1148922.00,32135429.00,32115649.00,2025-09-30 22:18:51.525772+03:00,2025-09-30 22:18:51.525772+03:00
6050.SR,Saudi Fisheries Company,Tadawul,2024,4,2024-12-31,1486312.00,4669247.00,7474095.00,-17364724.00,-17364724.00,2025-09-30 22:18:51.525772+03:00,2025-09-30 22:18:51.525772+03:00
6050.SR,Saudi Fisheries Company,Tadawul,2024,3,2024-09-30,1849604.00,-2679649.00,-28698336.00,-8303477.00,-8366614.00,2025-09-30 22:18:51.525772+03:00,2025-09-30 22:18:51.525772+03:00
6050.SR,Saudi Fisheries Company,Tadawul,2024,2,2024-06-30,6577055.00,-5148383.00,-10813964.00,1147624.00,1079288.00,2025-09-30 22:18:51.525772+03:00,2025-09-30 22:18:51.525772+03:00
6050.SR,Saudi Fisheries Company,Tadawul,2024,1,2024-03-31,,,,,,2025-09-30 22:18:51.525772+03:00,2025-09-30 22:18:51.525772+03:00
6050.SR,Saudi Fisheries Company,Tadawul,2023,4,2023-12-31,,,,,,2025-09-30 22:18:51.525772+03:00,2025-09-30 22:18:51.525772+03:00
6060.SR,Ash-Sharqiyah Development Co.,Tadawul,2025,2,2025-06-30,59972342.00,5981114.00,317953.00,-9318979.00,-9399068.00,2025-09-30 22:18:55.824028+03:00,2025-09-30 22:18:55.824028+03:00
6060.SR,Ash-Sharqiyah Development Co.,Tadawul,2025,1,2025-03-31,44861646.00,535657.00,-5648819.00,-18312420.00,-29786580.00,2025-09-30 22:18:55.824028+03:00,2025-09-30 22:18:55.824028+03:00
6060.SR,Ash-Sharqiyah Development Co.,Tadawul,2024,4,2024-12-31,34292747.00,-1295997.00,-12950363.00,9451572.00,-15323345.00,2025-09-30 22:18:55.824028+03:00,2025-09-30 22:18:55.824028+03:00
6060.SR,Ash-Sharqiyah Development Co.,Tadawul,2024,3,2024-09-30,39043997.00,3316869.00,6001118.00,6510385.00,-8814219.00,2025-09-30 22:18:55.824028+03:00,2025-09-30 22:18:55.824028+03:00
6060.SR,Ash-Sharqiyah Development Co.,Tadawul,2024,2,2024-06-30,12481846.00,643832.00,1590173.00,-14681074.00,-14680044.00,2025-09-30 22:18:55.824028+03:00,2025-09-30 22:18:55.824028+03:00
6060.SR,Ash-Sharqiyah Development Co.,Tadawul,2024,1,2024-03-31,,,,,,2025-09-30 22:18:55.824028+03:00,2025-09-30 22:18:55.824028+03:00
6060.SR,Ash-Sharqiyah Development Co.,Tadawul,2023,4,2023-12-31,,,,,,2025-09-30 22:18:55.824028+03:00,2025-09-30 22:18:55.824028+03:00
6070.SR,Al-Jouf Agricultural Development Co.,Tadawul,2025,2,2025-06-30,154595462.00,47926290.00,18423394.00,25440463.00,5819164.00,2025-09-30 22:19:00.182404+03:00,2025-09-30 22:19:00.182404+03:00
6070.SR,Al-Jouf Agricultural Development Co.,Tadawul,2025,1,2025-03-31,170593172.00,68361160.00,34657037.00,26502848.00,314318.00,2025-09-30 22:19:00.182404+03:00,2025-09-30 22:19:00.182404+03:00
6070.SR,Al-Jouf Agricultural Development Co.,Tadawul,2024,4,2024-12-31,162189070.00,33150209.00,8168389.00,31501435.00,-16195623.00,2025-09-30 22:19:00.182404+03:00,2025-09-30 22:19:00.182404+03:00
6070.SR,Al-Jouf Agricultural Development Co.,Tadawul,2024,3,2024-09-30,147044714.00,44660355.00,18644539.00,33531974.00,39646618.00,2025-09-30 22:19:00.182404+03:00,2025-09-30 22:19:00.182404+03:00
6070.SR,Al-Jouf Agricultural Development Co.,Tadawul,2024,2,2024-06-30,113086926.00,38830121.00,15564804.00,29130188.00,11381120.00,2025-09-30 22:19:00.182404+03:00,2025-09-30 22:19:00.182404+03:00
6070.SR,Al-Jouf Agricultural Development Co.,Tadawul,2024,1,2024-03-31,,,,,,2025-09-30 22:19:00.182404+03:00,2025-09-30 22:19:00.182404+03:00
6070.SR,Al-Jouf Agricultural Development Co.,Tadawul,2023,4,2023-12-31,,,,,,2025-09-30 22:19:00.182404+03:00,2025-09-30 22:19:00.182404+03:00
6090.SR,Jazan Development and Investment Company,Tadawul,2025,2,2025-06-30,44240684.00,17070515.00,16717956.00,9799564.00,8097813.00,2025-09-30 22:19:04.560988+03:00,2025-09-30 22:19:04.560988+03:00
6090.SR,Jazan Development and Investment Company,Tadawul,2025,1,2025-03-31,27547449.00,15617999.00,9656911.00,-2946068.00,-3390575.00,2025-09-30 22:19:04.560988+03:00,2025-09-30 22:19:04.560988+03:00
6090.SR,Jazan Development and Investment Company,Tadawul,2024,4,2024-12-31,15645227.00,619219.00,-81000428.00,-3082664.00,-4148230.00,2025-09-30 22:19:04.560988+03:00,2025-09-30 22:19:04.560988+03:00
6090.SR,Jazan Development and Investment Company,Tadawul,2024,3,2024-09-30,22400773.00,72005.00,-18846138.00,4586297.00,3982007.00,2025-09-30 22:19:04.560988+03:00,2025-09-30 22:19:04.560988+03:00
6090.SR,Jazan Development and Investment Company,Tadawul,2024,2,2024-06-30,29193702.00,-2942863.00,-12490413.00,8715027.00,8286749.00,2025-09-30 22:19:04.560988+03:00,2025-09-30 22:19:04.560988+03:00
6090.SR,Jazan Development and Investment Company,Tadawul,2024,1,2024-03-31,,,,,,2025-09-30 22:19:04.560988+03:00,2025-09-30 22:19:04.560988+03:00
6090.SR,Jazan Development and Investment Company,Tadawul,2023,4,2023-12-31,,,,,,2025-09-30 22:19:04.560988+03:00,2025-09-30 22:19:04.560988+03:00
7010.SR,Saudi Telecom Company,Tadawul,2025,2,2025-06-30,19450925000.00,9559573000.00,3823486000.00,2735571000.00,774978000.00,2025-09-30 21:28:48.409666+03:00,2025-09-30 21:28:48.409666+03:00
7010.SR,Saudi Telecom Company,Tadawul,2025,1,2025-03-31,19209552000.00,9098331000.00,3648945000.00,2159867000.00,525035000.00,2025-09-30 21:28:48.409666+03:00,2025-09-30 21:28:48.409666+03:00
7010.SR,Saudi Telecom Company,Tadawul,2024,4,2024-12-31,19266046000.00,9416343000.00,13455547000.00,7990585000.00,3368689000.00,2025-09-30 21:28:48.409666+03:00,2025-09-30 21:28:48.409666+03:00
7010.SR,Saudi Telecom Company,Tadawul,2024,3,2024-09-30,18642570000.00,10395377000.00,4642825000.00,4235250000.00,1250253000.00,2025-09-30 21:28:48.409666+03:00,2025-09-30 21:28:48.409666+03:00
7010.SR,Saudi Telecom Company,Tadawul,2024,2,2024-06-30,18959188000.00,8832386000.00,3304387000.00,6241815000.00,3748705000.00,2025-09-30 21:28:48.409666+03:00,2025-09-30 21:28:48.409666+03:00
7010.SR,Saudi Telecom Company,Tadawul,2024,1,2024-03-31,,,,,,2025-09-30 21:28:48.409666+03:00,2025-09-30 21:28:48.409666+03:00
7020.SR,Etihad Etisalat Company,Tadawul,2025,2,2025-06-30,4828424000.00,2622503000.00,829944000.00,1870420000.00,613456000.00,2025-09-30 22:24:13.449930+03:00,2025-09-30 22:24:13.449930+03:00
7020.SR,Etihad Etisalat Company,Tadawul,2025,1,2025-03-31,4777471000.00,2554284000.00,766670000.00,1494459000.00,949081000.00,2025-09-30 22:24:13.449930+03:00,2025-09-30 22:24:13.449930+03:00
7020.SR,Etihad Etisalat Company,Tadawul,2024,4,2024-12-31,4697208000.00,2505113000.00,979410000.00,2222116000.00,1215315000.00,2025-09-30 22:24:13.449930+03:00,2025-09-30 22:24:13.449930+03:00
7020.SR,Etihad Etisalat Company,Tadawul,2024,3,2024-09-30,4498555000.00,2565999000.00,828545000.00,1621181000.00,1126647000.00,2025-09-30 22:24:13.449930+03:00,2025-09-30 22:24:13.449930+03:00
7020.SR,Etihad Etisalat Company,Tadawul,2024,2,2024-06-30,4465204000.00,2377959000.00,661119000.00,572529000.00,3084000.00,2025-09-30 22:24:13.449930+03:00,2025-09-30 22:24:13.449930+03:00
7020.SR,Etihad Etisalat Company,Tadawul,2024,1,2024-03-31,,,,,,2025-09-30 22:24:13.449930+03:00,2025-09-30 22:24:13.449930+03:00
7030.SR,Mobile Telecommunications Company Saudi Arabia,Tadawul,2025,2,2025-06-30,2653712000.00,1625480000.00,127367000.00,769817000.00,665833000.00,2025-09-30 22:24:17.814461+03:00,2025-09-30 22:24:17.814461+03:00
7030.SR,Mobile Telecommunications Company Saudi Arabia,Tadawul,2025,1,2025-03-31,2690237000.00,1585312000.00,92769000.00,327874000.00,-91084000.00,2025-09-30 22:24:17.814461+03:00,2025-09-30 22:24:17.814461+03:00
7030.SR,Mobile Telecommunications Company Saudi Arabia,Tadawul,2024,4,2024-12-31,2694671000.00,1671565000.00,274390000.00,432475000.00,334492000.00,2025-09-30 22:24:17.814461+03:00,2025-09-30 22:24:17.814461+03:00
7030.SR,Mobile Telecommunications Company Saudi Arabia,Tadawul,2024,3,2024-09-30,2583415000.00,1713870000.00,150272000.00,743832000.00,1280727000.00,2025-09-30 22:24:17.814461+03:00,2025-09-30 22:24:17.814461+03:00
7030.SR,Mobile Telecommunications Company Saudi Arabia,Tadawul,2024,2,2024-06-30,2552199000.00,1540459000.00,105199000.00,559578000.00,23037000.00,2025-09-30 22:24:17.814461+03:00,2025-09-30 22:24:17.814461+03:00
7030.SR,Mobile Telecommunications Company Saudi Arabia,Tadawul,2024,1,2024-03-31,,,,,,2025-09-30 22:24:17.814461+03:00,2025-09-30 22:24:17.814461+03:00
7030.SR,Mobile Telecommunications Company Saudi Arabia,Tadawul,2023,4,2023-12-31,,,,,,2025-09-30 22:24:17.814461+03:00,2025-09-30 22:24:17.814461+03:00
7040.SR,Etihad Atheeb Telecommunication Company,Tadawul,2025,2,2025-06-30,435363180.00,120474637.00,61707413.00,54215835.00,45847018.00,2025-09-30 22:24:22.232687+03:00,2025-09-30 22:24:22.232687+03:00
7040.SR,Etihad Atheeb Telecommunication Company,Tadawul,2025,1,2025-03-31,423343688.00,129072586.00,59048075.00,91233890.00,84546282.00,2025-09-30 22:24:22.232687+03:00,2025-09-30 22:24:22.232687+03:00
7040.SR,Etihad Atheeb Telecommunication Company,Tadawul,2024,4,2024-12-31,381698707.00,106814567.00,55192124.00,65974628.00,65424427.00,2025-09-30 22:24:22.232687+03:00,2025-09-30 22:24:22.232687+03:00
7040.SR,Etihad Atheeb Telecommunication Company,Tadawul,2024,3,2024-09-30,346905379.00,107233544.00,58607070.00,1414835.00,-2179780.00,2025-09-30 22:24:22.232687+03:00,2025-09-30 22:24:22.232687+03:00
7040.SR,Etihad Atheeb Telecommunication Company,Tadawul,2024,2,2024-06-30,310188196.00,88003966.00,46728257.00,57180704.00,34068976.00,2025-09-30 22:24:22.232687+03:00,2025-09-30 22:24:22.232687+03:00
7040.SR,Etihad Atheeb Telecommunication Company,Tadawul,2024,1,2024-03-31,,,,,,2025-09-30 22:24:22.232687+03:00,2025-09-30 22:24:22.232687+03:00
7040.SR,Etihad Atheeb Telecommunication Company,Tadawul,2023,4,2023-12-31,,,,,,2025-09-30 22:24:22.232687+03:00,2025-09-30 22:24:22.232687+03:00
7200.SR,Al Moammar Information Systems Company,Tadawul,2025,2,2025-06-30,304228429.00,66719802.00,32280828.00,21717662.00,21593126.00,2025-09-30 22:27:26.383185+03:00,2025-09-30 22:27:26.383185+03:00
7200.SR,Al Moammar Information Systems Company,Tadawul,2025,1,2025-03-31,405603775.00,81926110.00,33847258.00,-174492549.00,-179606937.00,2025-09-30 22:27:26.383185+03:00,2025-09-30 22:27:26.383185+03:00
7200.SR,Al Moammar Information Systems Company,Tadawul,2024,4,2024-12-31,255473126.00,56552343.00,2839376.00,86813376.00,74771940.00,2025-09-30 22:27:26.383185+03:00,2025-09-30 22:27:26.383185+03:00
7200.SR,Al Moammar Information Systems Company,Tadawul,2024,3,2024-09-30,273456276.00,69157902.00,16733093.00,36062392.00,34227118.00,2025-09-30 22:27:26.383185+03:00,2025-09-30 22:27:26.383185+03:00
7200.SR,Al Moammar Information Systems Company,Tadawul,2024,2,2024-06-30,350546251.00,78115717.00,31739815.00,-117681042.00,-117421231.00,2025-09-30 22:27:26.383185+03:00,2025-09-30 22:27:26.383185+03:00
7200.SR,Al Moammar Information Systems Company,Tadawul,2024,1,2024-03-31,,,,,,2025-09-30 22:27:26.383185+03:00,2025-09-30 22:27:26.383185+03:00
7200.SR,Al Moammar Information Systems Company,Tadawul,2023,4,2023-12-31,,,,,,2025-09-30 22:27:26.383185+03:00,2025-09-30 22:27:26.383185+03:00
7201.SR,Arab Sea Information Systems Company,Tadawul,2025,2,2025-06-30,10020379.00,3428284.00,-3642613.00,6710654.00,744233.00,2025-09-30 22:27:30.733853+03:00,2025-09-30 22:27:30.733853+03:00
7201.SR,Arab Sea Information Systems Company,Tadawul,2025,1,2025-03-31,11632502.00,2148835.00,-5212659.00,-1790562.00,-2125648.00,2025-09-30 22:27:30.733853+03:00,2025-09-30 22:27:30.733853+03:00
7201.SR,Arab Sea Information Systems Company,Tadawul,2024,4,2024-12-31,15485657.00,16117872.00,1861258.00,19760578.00,3778980.00,2025-09-30 22:27:30.733853+03:00,2025-09-30 22:27:30.733853+03:00
7201.SR,Arab Sea Information Systems Company,Tadawul,2024,3,2024-09-30,11132498.00,1266520.00,-4608662.00,-6657083.00,-2287896.00,2025-09-30 22:27:30.733853+03:00,2025-09-30 22:27:30.733853+03:00
7201.SR,Arab Sea Information Systems Company,Tadawul,2024,2,2024-06-30,7600214.00,2415817.00,-5823009.00,4927647.00,-20061.00,2025-09-30 22:27:30.733853+03:00,2025-09-30 22:27:30.733853+03:00
7201.SR,Arab Sea Information Systems Company,Tadawul,2024,1,2024-03-31,,,,,,2025-09-30 22:27:30.733853+03:00,2025-09-30 22:27:30.733853+03:00
7202.SR,Arabian Internet and Communication Services Company,Tadawul,2025,2,2025-06-30,2901538000.00,655746000.00,446326000.00,-364785000.00,-392842000.00,2025-09-30 22:27:35.260514+03:00,2025-09-30 22:27:35.260514+03:00
7202.SR,Arabian Internet and Communication Services Company,Tadawul,2025,1,2025-03-31,2823891000.00,616477000.00,360671000.00,-417004000.00,-475346000.00,2025-09-30 22:27:35.260514+03:00,2025-09-30 22:27:35.260514+03:00
7202.SR,Arabian Internet and Communication Services Company,Tadawul,2024,4,2024-12-31,3730621000.00,738382000.00,327008000.00,948048000.00,948191000.00,2025-09-30 22:27:35.260514+03:00,2025-09-30 22:27:35.260514+03:00
7202.SR,Arabian Internet and Communication Services Company,Tadawul,2024,3,2024-09-30,2753159000.00,729250000.00,463498000.00,1038831000.00,838455000.00,2025-09-30 22:27:35.260514+03:00,2025-09-30 22:27:35.260514+03:00
7202.SR,Arabian Internet and Communication Services Company,Tadawul,2024,2,2024-06-30,2771469000.00,695881000.00,452791000.00,953768000.00,930160000.00,2025-09-30 22:27:35.260514+03:00,2025-09-30 22:27:35.260514+03:00
7202.SR,Arabian Internet and Communication Services Company,Tadawul,2024,1,2024-03-31,,,,,,2025-09-30 22:27:35.260514+03:00,2025-09-30 22:27:35.260514+03:00
7203.SR,Elm Company,Tadawul,2025,2,2025-06-30,2244771259.00,953697978.00,589643321.00,154735826.00,81968404.00,2025-09-30 22:27:39.626402+03:00,2025-09-30 22:27:39.626402+03:00
7203.SR,Elm Company,Tadawul,2025,1,2025-03-31,1877424620.00,773092791.00,495731233.00,221850089.00,136562273.00,2025-09-30 22:27:39.626402+03:00,2025-09-30 22:27:39.626402+03:00
7203.SR,Elm Company,Tadawul,2024,4,2024-12-31,2129229104.00,827185212.00,497609457.00,997625975.00,945947887.00,2025-09-30 22:27:39.626402+03:00,2025-09-30 22:27:39.626402+03:00
7203.SR,Elm Company,Tadawul,2024,3,2024-09-30,1871539614.00,837108551.00,498241621.00,-330650373.00,-423692430.00,2025-09-30 22:27:39.626402+03:00,2025-09-30 22:27:39.626402+03:00
7203.SR,Elm Company,Tadawul,2024,2,2024-06-30,1767013240.00,733811392.00,486237767.00,78489561.00,44599839.00,2025-09-30 22:27:39.626402+03:00,2025-09-30 22:27:39.626402+03:00
7203.SR,Elm Company,Tadawul,2024,1,2024-03-31,,,,,,2025-09-30 22:27:39.626402+03:00,2025-09-30 22:27:39.626402+03:00
7203.SR,Elm Company,Tadawul,2023,4,2023-12-31,,,,,,2025-09-30 22:27:39.626402+03:00,2025-09-30 22:27:39.626402+03:00
7204.SR,Perfect Presentation for Commercial Services Company,Tadawul,2025,2,2025-06-30,298458033.00,62087069.00,35033734.00,-89080237.00,-92358920.00,2025-09-30 22:27:44.072021+03:00,2025-09-30 22:27:44.072021+03:00
7204.SR,Perfect Presentation for Commercial Services Company,Tadawul,2025,1,2025-03-31,289442216.00,62957270.00,32287321.00,-71011323.00,-73131620.00,2025-09-30 22:27:44.072021+03:00,2025-09-30 22:27:44.072021+03:00
7204.SR,Perfect Presentation for Commercial Services Company,Tadawul,2024,4,2024-12-31,295795326.00,83459314.00,37934832.00,111607044.00,97448657.00,2025-09-30 22:27:44.072021+03:00,2025-09-30 22:27:44.072021+03:00
7204.SR,Perfect Presentation for Commercial Services Company,Tadawul,2024,3,2024-09-30,268603209.00,59073305.00,36946160.00,-64128739.00,-65199012.00,2025-09-30 22:27:44.072021+03:00,2025-09-30 22:27:44.072021+03:00
7204.SR,Perfect Presentation for Commercial Services Company,Tadawul,2024,2,2024-06-30,287138411.00,53600860.00,58773926.00,-26075379.00,-27766195.00,2025-09-30 22:27:44.072021+03:00,2025-09-30 22:27:44.072021+03:00
7204.SR,Perfect Presentation for Commercial Services Company,Tadawul,2024,1,2024-03-31,,,,,,2025-09-30 22:27:44.072021+03:00,2025-09-30 22:27:44.072021+03:00
7204.SR,Perfect Presentation for Commercial Services Company,Tadawul,2023,4,2023-12-31,,,,,,2025-09-30 22:27:44.072021+03:00,2025-09-30 22:27:44.072021+03:00
7211.SR,Saudi Azm for Communication and Information Technology Company,Tadawul,2025,2,2025-06-30,64056341.00,18251643.00,12055677.00,-16306740.00,-18691393.00,2025-09-30 22:27:48.419751+03:00,2025-09-30 22:27:48.419751+03:00
7211.SR,Saudi Azm for Communication and Information Technology Company,Tadawul,2025,1,2025-03-31,64469729.00,19874432.00,8007720.00,-5362535.00,-10036248.00,2025-09-30 22:27:48.419751+03:00,2025-09-30 22:27:48.419751+03:00
7211.SR,Saudi Azm for Communication and Information Technology Company,Tadawul,2024,4,2024-12-31,63951044.00,16505573.00,7238564.00,75180209.00,72580023.00,2025-09-30 22:27:48.419751+03:00,2025-09-30 22:27:48.419751+03:00
7211.SR,Saudi Azm for Communication and Information Technology Company,Tadawul,2024,3,2024-09-30,60681743.00,18776170.00,10143211.00,55430641.00,53005824.00,2025-09-30 22:27:48.419751+03:00,2025-09-30 22:27:48.419751+03:00
7211.SR,Saudi Azm for Communication and Information Technology Company,Tadawul,2024,2,2024-06-30,63108198.00,16455649.00,10022146.00,4058306.00,2002440.00,2025-09-30 22:27:48.419751+03:00,2025-09-30 22:27:48.419751+03:00
7211.SR,Saudi Azm for Communication and Information Technology Company,Tadawul,2024,1,2024-03-31,,,,,,2025-09-30 22:27:48.419751+03:00,2025-09-30 22:27:48.419751+03:00
7211.SR,Saudi Azm for Communication and Information Technology Company,Tadawul,2023,4,2023-12-31,,,,,,2025-09-30 22:27:48.419751+03:00,2025-09-30 22:27:48.419751+03:00
8010.SR,The Company for Cooperative Insurance,Tadawul,2025,2,2025-06-30,4814109000.00,,467417000.00,-27333000.00,-145344000.00,2025-09-30 22:22:18.977085+03:00,2025-09-30 22:22:18.977085+03:00
8010.SR,The Company for Cooperative Insurance,Tadawul,2025,1,2025-03-31,4725749000.00,,261692000.00,-525401000.00,-593772000.00,2025-09-30 22:22:18.977085+03:00,2025-09-30 22:22:18.977085+03:00
8010.SR,The Company for Cooperative Insurance,Tadawul,2024,4,2024-12-31,4345045000.00,,167963000.00,1245167000.00,883265000.00,2025-09-30 22:22:18.977085+03:00,2025-09-30 22:22:18.977085+03:00
8010.SR,The Company for Cooperative Insurance,Tadawul,2024,3,2024-09-30,4302802000.00,,197557000.00,1033509000.00,1003903000.00,2025-09-30 22:22:18.977085+03:00,2025-09-30 22:22:18.977085+03:00
8010.SR,The Company for Cooperative Insurance,Tadawul,2024,2,2024-06-30,4003352000.00,,459813000.00,222703000.00,185834000.00,2025-09-30 22:22:18.977085+03:00,2025-09-30 22:22:18.977085+03:00
8010.SR,The Company for Cooperative Insurance,Tadawul,2024,1,2024-03-31,,,,,,2025-09-30 22:22:18.977085+03:00,2025-09-30 22:22:18.977085+03:00
8012.SR,Aljazira Takaful Taawuni Company,Tadawul,2025,2,2025-06-30,136761000.00,,4080000.00,-26336000.00,-28564000.00,2025-09-30 22:22:53.876165+03:00,2025-09-30 22:22:53.876165+03:00
8012.SR,Aljazira Takaful Taawuni Company,Tadawul,2025,1,2025-03-31,76009000.00,,16112000.00,15450000.00,14727000.00,2025-09-30 22:22:53.876165+03:00,2025-09-30 22:22:53.876165+03:00
8012.SR,Aljazira Takaful Taawuni Company,Tadawul,2024,4,2024-12-31,48974000.00,,4073000.00,82260000.00,80232000.00,2025-09-30 22:22:53.876165+03:00,2025-09-30 22:22:53.876165+03:00
8012.SR,Aljazira Takaful Taawuni Company,Tadawul,2024,3,2024-09-30,160301000.00,,9259000.00,-12278000.00,-19515000.00,2025-09-30 22:22:53.876165+03:00,2025-09-30 22:22:53.876165+03:00
8012.SR,Aljazira Takaful Taawuni Company,Tadawul,2024,2,2024-06-30,210768000.00,,11091000.00,-53968000.00,-54013000.00,2025-09-30 22:22:53.876165+03:00,2025-09-30 22:22:53.876165+03:00
8012.SR,Aljazira Takaful Taawuni Company,Tadawul,2024,1,2024-03-31,,,,,,2025-09-30 22:22:53.876165+03:00,2025-09-30 22:22:53.876165+03:00
8020.SR,Malath Cooperative Insurance Company,Tadawul,2025,2,2025-06-30,350687000.00,,6677000.00,47516000.00,47499000.00,2025-09-30 22:22:23.312493+03:00,2025-09-30 22:22:23.312493+03:00
8020.SR,Malath Cooperative Insurance Company,Tadawul,2025,1,2025-03-31,338767000.00,,9880000.00,141356000.00,141325000.00,2025-09-30 22:22:23.312493+03:00,2025-09-30 22:22:23.312493+03:00
8020.SR,Malath Cooperative Insurance Company,Tadawul,2024,4,2024-12-31,279527000.00,,9745000.00,92794000.00,92794000.00,2025-09-30 22:22:23.312493+03:00,2025-09-30 22:22:23.312493+03:00
8020.SR,Malath Cooperative Insurance Company,Tadawul,2024,3,2024-09-30,262223000.00,,5551000.00,115743000.00,115732000.00,2025-09-30 22:22:23.312493+03:00,2025-09-30 22:22:23.312493+03:00
8020.SR,Malath Cooperative Insurance Company,Tadawul,2024,2,2024-06-30,230256000.00,,151000.00,27688000.00,27514000.00,2025-09-30 22:22:23.312493+03:00,2025-09-30 22:22:23.312493+03:00
8020.SR,Malath Cooperative Insurance Company,Tadawul,2024,1,2024-03-31,,,,,,2025-09-30 22:22:23.312493+03:00,2025-09-30 22:22:23.312493+03:00
8030.SR,The Mediterranean and Gulf Cooperative Insurance and Reinsurance Company,Tadawul,2025,2,2025-06-30,963059000.00,,-1470000.00,-5098000.00,-16584000.00,2025-09-30 22:22:27.689742+03:00,2025-09-30 22:22:27.689742+03:00
8030.SR,The Mediterranean and Gulf Cooperative Insurance and Reinsurance Company,Tadawul,2025,1,2025-03-31,954588000.00,,19638000.00,259765000.00,254103000.00,2025-09-30 22:22:27.689742+03:00,2025-09-30 22:22:27.689742+03:00
8030.SR,The Mediterranean and Gulf Cooperative Insurance and Reinsurance Company,Tadawul,2024,4,2024-12-31,840787000.00,,3004000.00,-155883000.00,-159114000.00,2025-09-30 22:22:27.689742+03:00,2025-09-30 22:22:27.689742+03:00
8030.SR,The Mediterranean and Gulf Cooperative Insurance and Reinsurance Company,Tadawul,2024,3,2024-09-30,926875000.00,,39121000.00,66774000.00,65583000.00,2025-09-30 22:22:27.689742+03:00,2025-09-30 22:22:27.689742+03:00
8030.SR,The Mediterranean and Gulf Cooperative Insurance and Reinsurance Company,Tadawul,2024,2,2024-06-30,804539000.00,,33608000.00,-56410000.00,-56261000.00,2025-09-30 22:22:27.689742+03:00,2025-09-30 22:22:27.689742+03:00
8030.SR,The Mediterranean and Gulf Cooperative Insurance and Reinsurance Company,Tadawul,2024,1,2024-03-31,,,,,,2025-09-30 22:22:27.689742+03:00,2025-09-30 22:22:27.689742+03:00
8040.SR,Mutakamela Insurance Company,Tadawul,2025,2,2025-06-30,136182887.00,,8719888.00,-55404859.00,-55694020.00,2025-09-30 22:22:36.445221+03:00,2025-09-30 22:22:36.445221+03:00
8040.SR,Mutakamela Insurance Company,Tadawul,2025,1,2025-03-31,132428277.00,,5804345.00,-4936658.00,-5526926.00,2025-09-30 22:22:36.445221+03:00,2025-09-30 22:22:36.445221+03:00
8040.SR,Mutakamela Insurance Company,Tadawul,2024,4,2024-12-31,155585281.00,,57636.00,-30248276.00,-32439620.00,2025-09-30 22:22:36.445221+03:00,2025-09-30 22:22:36.445221+03:00
8040.SR,Mutakamela Insurance Company,Tadawul,2024,3,2024-09-30,169711968.00,,4520614.00,-41016324.00,-43155112.00,2025-09-30 22:22:36.445221+03:00,2025-09-30 22:22:36.445221+03:00
8040.SR,Mutakamela Insurance Company,Tadawul,2024,2,2024-06-30,159287439.00,,600786.00,-9159888.00,-9445013.00,2025-09-30 22:22:36.445221+03:00,2025-09-30 22:22:36.445221+03:00
8040.SR,Mutakamela Insurance Company,Tadawul,2024,1,2024-03-31,,,,,,2025-09-30 22:22:36.445221+03:00,2025-09-30 22:22:36.445221+03:00
8050.SR,Salama Cooperative Insurance Company,Tadawul,2025,2,2025-06-30,133046000.00,,-4962000.00,-54651000.00,-56245000.00,2025-09-30 22:22:45.212554+03:00,2025-09-30 22:22:45.212554+03:00
8050.SR,Salama Cooperative Insurance Company,Tadawul,2025,1,2025-03-31,121742000.00,,-35421000.00,-3982000.00,-4001000.00,2025-09-30 22:22:45.212554+03:00,2025-09-30 22:22:45.212554+03:00
8050.SR,Salama Cooperative Insurance Company,Tadawul,2024,4,2024-12-31,118933000.00,,2754000.00,-33746000.00,-34458000.00,2025-09-30 22:22:45.212554+03:00,2025-09-30 22:22:45.212554+03:00
8050.SR,Salama Cooperative Insurance Company,Tadawul,2024,3,2024-09-30,156474000.00,,5888000.00,-26904000.00,-28166000.00,2025-09-30 22:22:45.212554+03:00,2025-09-30 22:22:45.212554+03:00
8050.SR,Salama Cooperative Insurance Company,Tadawul,2024,2,2024-06-30,158115000.00,,9792000.00,-48652000.00,-50374000.00,2025-09-30 22:22:45.212554+03:00,2025-09-30 22:22:45.212554+03:00
8050.SR,Salama Cooperative Insurance Company,Tadawul,2024,1,2024-03-31,,,,,,2025-09-30 22:22:45.212554+03:00,2025-09-30 22:22:45.212554+03:00
8060.SR,Walaa Cooperative Insurance Company,Tadawul,2025,2,2025-06-30,727081000.00,,-49354000.00,-66537000.00,-69478000.00,2025-09-30 22:22:32.083875+03:00,2025-09-30 22:22:32.083875+03:00
8060.SR,Walaa Cooperative Insurance Company,Tadawul,2025,1,2025-03-31,805810000.00,,-67950000.00,-357496000.00,-366781000.00,2025-09-30 22:22:32.083875+03:00,2025-09-30 22:22:32.083875+03:00
8060.SR,Walaa Cooperative Insurance Company,Tadawul,2024,4,2024-12-31,2134727000.00,,-20099000.00,215221000.00,170879000.00,2025-09-30 22:22:32.083875+03:00,2025-09-30 22:22:32.083875+03:00
8060.SR,Walaa Cooperative Insurance Company,Tadawul,2024,3,2024-09-30,468549000.00,,20101000.00,169472000.00,174203000.00,2025-09-30 22:22:32.083875+03:00,2025-09-30 22:22:32.083875+03:00
8060.SR,Walaa Cooperative Insurance Company,Tadawul,2024,2,2024-06-30,850784000.00,,24437000.00,-175677000.00,-188318000.00,2025-09-30 22:22:32.083875+03:00,2025-09-30 22:22:32.083875+03:00
8060.SR,Walaa Cooperative Insurance Company,Tadawul,2024,1,2024-03-31,,,,,,2025-09-30 22:22:32.083875+03:00,2025-09-30 22:22:32.083875+03:00
8070.SR,Arabian Shield Cooperative Insurance Company,Tadawul,2025,2,2025-06-30,346277000.00,,-29913000.00,15890000.00,14203000.00,2025-09-30 22:22:40.805343+03:00,2025-09-30 22:22:40.805343+03:00
8070.SR,Arabian Shield Cooperative Insurance Company,Tadawul,2025,1,2025-03-31,321483000.00,,6453000.00,87759000.00,85880000.00,2025-09-30 22:22:40.805343+03:00,2025-09-30 22:22:40.805343+03:00
8070.SR,Arabian Shield Cooperative Insurance Company,Tadawul,2024,4,2024-12-31,286745000.00,,-5942000.00,6148000.00,4309000.00,2025-09-30 22:22:40.805343+03:00,2025-09-30 22:22:40.805343+03:00
8070.SR,Arabian Shield Cooperative Insurance Company,Tadawul,2024,3,2024-09-30,280994000.00,,23007000.00,16048000.00,14272000.00,2025-09-30 22:22:40.805343+03:00,2025-09-30 22:22:40.805343+03:00
8070.SR,Arabian Shield Cooperative Insurance Company,Tadawul,2024,2,2024-06-30,281500000.00,,28918000.00,-85433000.00,-88604000.00,2025-09-30 22:22:40.805343+03:00,2025-09-30 22:22:40.805343+03:00
8070.SR,Arabian Shield Cooperative Insurance Company,Tadawul,2024,1,2024-03-31,,,,,,2025-09-30 22:22:40.805343+03:00,2025-09-30 22:22:40.805343+03:00
8100.SR,Saudi Arabian Cooperative Insurance Company,Tadawul,2025,2,2025-06-30,181927000.00,,13412000.00,-170799000.00,-175058000.00,2025-09-30 22:22:49.616508+03:00,2025-09-30 22:22:49.616508+03:00
8100.SR,Saudi Arabian Cooperative Insurance Company,Tadawul,2025,1,2025-03-31,173853000.00,,14248000.00,114543000.00,113893000.00,2025-09-30 22:22:49.616508+03:00,2025-09-30 22:22:49.616508+03:00
8100.SR,Saudi Arabian Cooperative Insurance Company,Tadawul,2024,4,2024-12-31,178374000.00,,12163000.00,73270000.00,66164000.00,2025-09-30 22:22:49.616508+03:00,2025-09-30 22:22:49.616508+03:00
8100.SR,Saudi Arabian Cooperative Insurance Company,Tadawul,2024,3,2024-09-30,183394000.00,,12105000.00,6455000.00,14201000.00,2025-09-30 22:22:49.616508+03:00,2025-09-30 22:22:49.616508+03:00
8100.SR,Saudi Arabian Cooperative Insurance Company,Tadawul,2024,2,2024-06-30,165047000.00,,21842000.00,75129000.00,74303000.00,2025-09-30 22:22:49.616508+03:00,2025-09-30 22:22:49.616508+03:00
8100.SR,Saudi Arabian Cooperative Insurance Company,Tadawul,2024,1,2024-03-31,,,,,,2025-09-30 22:22:49.616508+03:00,2025-09-30 22:22:49.616508+03:00
8120.SR,Gulf Union Alahlia Cooperative Insurance Company,Tadawul,2025,2,2025-06-30,240345202.00,,-27881102.00,-22737636.00,-23409917.00,2025-09-30 22:22:58.320670+03:00,2025-09-30 22:22:58.320670+03:00
8120.SR,Gulf Union Alahlia Cooperative Insurance Company,Tadawul,2025,1,2025-03-31,225479959.00,,-39948110.00,-7416386.00,-8891571.00,2025-09-30 22:22:58.320670+03:00,2025-09-30 22:22:58.320670+03:00
8120.SR,Gulf Union Alahlia Cooperative Insurance Company,Tadawul,2024,4,2024-12-31,216813904.00,,5471831.00,38236963.00,35661798.00,2025-09-30 22:22:58.320670+03:00,2025-09-30 22:22:58.320670+03:00
8120.SR,Gulf Union Alahlia Cooperative Insurance Company,Tadawul,2024,3,2024-09-30,195966997.00,,11543192.00,7832350.00,5559770.00,2025-09-30 22:22:58.320670+03:00,2025-09-30 22:22:58.320670+03:00
8120.SR,Gulf Union Alahlia Cooperative Insurance Company,Tadawul,2024,2,2024-06-30,168307011.00,,7087107.00,25403708.00,22493787.00,2025-09-30 22:22:58.320670+03:00,2025-09-30 22:22:58.320670+03:00
8120.SR,Gulf Union Alahlia Cooperative Insurance Company,Tadawul,2024,1,2024-03-31,,,,,,2025-09-30 22:22:58.320670+03:00,2025-09-30 22:22:58.320670+03:00
8150.SR,Allied Cooperative Insurance Group,Tadawul,2025,2,2025-06-30,203622000.00,,1337000.00,47342000.00,45988000.00,2025-09-30 22:23:02.570798+03:00,2025-09-30 22:23:02.570798+03:00
8150.SR,Allied Cooperative Insurance Group,Tadawul,2025,1,2025-03-31,165718000.00,,13946000.00,-31534000.00,-32030000.00,2025-09-30 22:23:02.570798+03:00,2025-09-30 22:23:02.570798+03:00
8150.SR,Allied Cooperative Insurance Group,Tadawul,2024,4,2024-12-31,168739000.00,,-47300000.00,-52651000.00,-53050000.00,2025-09-30 22:23:02.570798+03:00,2025-09-30 22:23:02.570798+03:00
8150.SR,Allied Cooperative Insurance Group,Tadawul,2024,3,2024-09-30,243410000.00,,2928000.00,2423000.00,2066000.00,2025-09-30 22:23:02.570798+03:00,2025-09-30 22:23:02.570798+03:00
8150.SR,Allied Cooperative Insurance Group,Tadawul,2024,2,2024-06-30,205644000.00,,2890000.00,52783000.00,52147000.00,2025-09-30 22:23:02.570798+03:00,2025-09-30 22:23:02.570798+03:00
8150.SR,Allied Cooperative Insurance Group,Tadawul,2024,1,2024-03-31,,,,,,2025-09-30 22:23:02.570798+03:00,2025-09-30 22:23:02.570798+03:00
8160.SR,Arabia Insurance Cooperative Company,Tadawul,2025,2,2025-06-30,159966817.00,,5126893.00,116837193.00,116413399.00,2025-09-30 22:23:07.024242+03:00,2025-09-30 22:23:07.024242+03:00
8160.SR,Arabia Insurance Cooperative Company,Tadawul,2025,1,2025-03-31,135537486.00,,4447577.00,51050162.00,50971356.00,2025-09-30 22:23:07.024242+03:00,2025-09-30 22:23:07.024242+03:00
8160.SR,Arabia Insurance Cooperative Company,Tadawul,2024,4,2024-12-31,132648069.00,,-5464668.00,18706286.00,13995127.00,2025-09-30 22:23:07.024242+03:00,2025-09-30 22:23:07.024242+03:00
8160.SR,Arabia Insurance Cooperative Company,Tadawul,2024,3,2024-09-30,129173363.00,,14599818.00,-28585221.00,-30124588.00,2025-09-30 22:23:07.024242+03:00,2025-09-30 22:23:07.024242+03:00
8160.SR,Arabia Insurance Cooperative Company,Tadawul,2024,2,2024-06-30,145713567.00,,14321131.00,-11718008.00,-12015992.00,2025-09-30 22:23:07.024242+03:00,2025-09-30 22:23:07.024242+03:00
8160.SR,Arabia Insurance Cooperative Company,Tadawul,2024,1,2024-03-31,,,,,,2025-09-30 22:23:07.024242+03:00,2025-09-30 22:23:07.024242+03:00
8160.SR,Arabia Insurance Cooperative Company,Tadawul,2023,4,2023-12-31,,,,,,2025-09-30 22:23:07.024242+03:00,2025-09-30 22:23:07.024242+03:00
8170.SR,Al-Etihad Cooperative Insurance Company,Tadawul,2025,2,2025-06-30,296390000.00,,-63694000.00,-51829000.00,-51057000.00,2025-09-30 22:23:11.567309+03:00,2025-09-30 22:23:11.567309+03:00
8170.SR,Al-Etihad Cooperative Insurance Company,Tadawul,2025,1,2025-03-31,281552000.00,,-11918000.00,-86096000.00,-87182000.00,2025-09-30 22:23:11.567309+03:00,2025-09-30 22:23:11.567309+03:00
8170.SR,Al-Etihad Cooperative Insurance Company,Tadawul,2024,4,2024-12-31,285943000.00,,-6782000.00,-49670000.00,-49708000.00,2025-09-30 22:23:11.567309+03:00,2025-09-30 22:23:11.567309+03:00
8170.SR,Al-Etihad Cooperative Insurance Company,Tadawul,2024,3,2024-09-30,353443000.00,,3867000.00,-60838000.00,-63822000.00,2025-09-30 22:23:11.567309+03:00,2025-09-30 22:23:11.567309+03:00
8170.SR,Al-Etihad Cooperative Insurance Company,Tadawul,2024,2,2024-06-30,354289000.00,,49389000.00,-110911000.00,-111944000.00,2025-09-30 22:23:11.567309+03:00,2025-09-30 22:23:11.567309+03:00
8170.SR,Al-Etihad Cooperative Insurance Company,Tadawul,2024,1,2024-03-31,,,,,,2025-09-30 22:23:11.567309+03:00,2025-09-30 22:23:11.567309+03:00
8170.SR,Al-Etihad Cooperative Insurance Company,Tadawul,2023,4,2023-12-31,,,,,,2025-09-30 22:23:11.567309+03:00,2025-09-30 22:23:11.567309+03:00
8180.SR,Al Sagr Cooperative Insurance Company,Tadawul,2025,2,2025-06-30,144043577.00,,-15335328.00,-63502355.00,-63626935.00,2025-09-30 22:23:15.857909+03:00,2025-09-30 22:23:15.857909+03:00
8180.SR,Al Sagr Cooperative Insurance Company,Tadawul,2025,1,2025-03-31,141726191.00,,-17922730.00,-17257982.00,-17392457.00,2025-09-30 22:23:15.857909+03:00,2025-09-30 22:23:15.857909+03:00
8180.SR,Al Sagr Cooperative Insurance Company,Tadawul,2024,4,2024-12-31,129037300.00,,10798898.00,9022907.00,320159.00,2025-09-30 22:23:15.857909+03:00,2025-09-30 22:23:15.857909+03:00
8180.SR,Al Sagr Cooperative Insurance Company,Tadawul,2024,3,2024-09-30,122058592.00,,3125245.00,29260217.00,26183957.00,2025-09-30 22:23:15.857909+03:00,2025-09-30 22:23:15.857909+03:00
8180.SR,Al Sagr Cooperative Insurance Company,Tadawul,2024,2,2024-06-30,100754540.00,,10507820.00,-7608851.00,-8117327.00,2025-09-30 22:23:15.857909+03:00,2025-09-30 22:23:15.857909+03:00
8180.SR,Al Sagr Cooperative Insurance Company,Tadawul,2024,1,2024-03-31,,,,,,2025-09-30 22:23:15.857909+03:00,2025-09-30 22:23:15.857909+03:00
8190.SR,United Cooperative Assurance Company,Tadawul,2025,2,2025-06-30,176873000.00,,-81541000.00,-60660000.00,-64135000.00,2025-09-30 22:23:20.147505+03:00,2025-09-30 22:23:20.147505+03:00
8190.SR,United Cooperative Assurance Company,Tadawul,2025,1,2025-03-31,172264000.00,,-23320000.00,-820000.00,-2885000.00,2025-09-30 22:23:20.147505+03:00,2025-09-30 22:23:20.147505+03:00
8190.SR,United Cooperative Assurance Company,Tadawul,2024,4,2024-12-31,196867000.00,,-20090000.00,-38033000.00,-42269000.00,2025-09-30 22:23:20.147505+03:00,2025-09-30 22:23:20.147505+03:00
8190.SR,United Cooperative Assurance Company,Tadawul,2024,3,2024-09-30,198212000.00,,-270000.00,-91632000.00,-97501000.00,2025-09-30 22:23:20.147505+03:00,2025-09-30 22:23:20.147505+03:00
8190.SR,United Cooperative Assurance Company,Tadawul,2024,2,2024-06-30,177448000.00,,296000.00,101555000.00,95851000.00,2025-09-30 22:23:20.147505+03:00,2025-09-30 22:23:20.147505+03:00
8190.SR,United Cooperative Assurance Company,Tadawul,2024,1,2024-03-31,,,,,,2025-09-30 22:23:20.147505+03:00,2025-09-30 22:23:20.147505+03:00
8190.SR,United Cooperative Assurance Company,Tadawul,2023,4,2023-12-31,,,,,,2025-09-30 22:23:20.147505+03:00,2025-09-30 22:23:20.147505+03:00
8200.SR,Saudi Reinsurance Company,Tadawul,2025,2,2025-06-30,390765683.00,,52583939.00,43342695.00,41364093.00,2025-09-30 22:23:24.638255+03:00,2025-09-30 22:23:24.638255+03:00
8200.SR,Saudi Reinsurance Company,Tadawul,2025,1,2025-03-31,19826537.00,,35408257.00,9734550.00,8931966.00,2025-09-30 22:23:24.638255+03:00,2025-09-30 22:23:24.638255+03:00
8200.SR,Saudi Reinsurance Company,Tadawul,2024,4,2024-12-31,-491928.00,,-139478.00,77440238.00,77394714.00,2025-09-30 22:23:24.638255+03:00,2025-09-30 22:23:24.638255+03:00
8200.SR,Saudi Reinsurance Company,Tadawul,2024,3,2024-09-30,461016488.00,,399673852.00,174819033.00,174137188.00,2025-09-30 22:23:24.638255+03:00,2025-09-30 22:23:24.638255+03:00
8200.SR,Saudi Reinsurance Company,Tadawul,2024,2,2024-06-30,244268492.00,,43484811.00,-988999.00,-1530771.00,2025-09-30 22:23:24.638255+03:00,2025-09-30 22:23:24.638255+03:00
8200.SR,Saudi Reinsurance Company,Tadawul,2024,1,2024-03-31,,,,,,2025-09-30 22:23:24.638255+03:00,2025-09-30 22:23:24.638255+03:00
8200.SR,Saudi Reinsurance Company,Tadawul,2023,4,2023-12-31,,,,,,2025-09-30 22:23:24.638255+03:00,2025-09-30 22:23:24.638255+03:00
8210.SR,Bupa Arabia for Cooperative Insurance Company,Tadawul,2025,2,2025-06-30,4921906000.00,,286253000.00,853495000.00,828306000.00,2025-09-30 22:23:29.241172+03:00,2025-09-30 22:23:29.241172+03:00
8210.SR,Bupa Arabia for Cooperative Insurance Company,Tadawul,2025,1,2025-03-31,4546772000.00,,380232000.00,-451600000.00,-483007000.00,2025-09-30 22:23:29.241172+03:00,2025-09-30 22:23:29.241172+03:00
8210.SR,Bupa Arabia for Cooperative Insurance Company,Tadawul,2024,4,2024-12-31,4890104000.00,,45693000.00,35263000.00,18291000.00,2025-09-30 22:23:29.241172+03:00,2025-09-30 22:23:29.241172+03:00
8210.SR,Bupa Arabia for Cooperative Insurance Company,Tadawul,2024,3,2024-09-30,4733409000.00,,356282000.00,493489000.00,483597000.00,2025-09-30 22:23:29.241172+03:00,2025-09-30 22:23:29.241172+03:00
8210.SR,Bupa Arabia for Cooperative Insurance Company,Tadawul,2024,2,2024-06-30,4754857000.00,,404604000.00,219577000.00,205917000.00,2025-09-30 22:23:29.241172+03:00,2025-09-30 22:23:29.241172+03:00
8210.SR,Bupa Arabia for Cooperative Insurance Company,Tadawul,2024,1,2024-03-31,,,,,,2025-09-30 22:23:29.241172+03:00,2025-09-30 22:23:29.241172+03:00
8230.SR,Al Rajhi Company for Cooperative Insurance,Tadawul,2025,2,2025-06-30,1012487000.00,,111568000.00,38616000.00,-9497000.00,2025-09-30 22:23:33.511624+03:00,2025-09-30 22:23:33.511624+03:00
8230.SR,Al Rajhi Company for Cooperative Insurance,Tadawul,2025,1,2025-03-31,1111777000.00,,90797000.00,-217833000.00,-253061000.00,2025-09-30 22:23:33.511624+03:00,2025-09-30 22:23:33.511624+03:00
8230.SR,Al Rajhi Company for Cooperative Insurance,Tadawul,2024,4,2024-12-31,1292754000.00,,48957000.00,-4045899000.00,-4083497000.00,2025-09-30 22:23:33.511624+03:00,2025-09-30 22:23:33.511624+03:00
8230.SR,Al Rajhi Company for Cooperative Insurance,Tadawul,2024,3,2024-09-30,1621127000.00,,82253000.00,3973764000.00,3946669000.00,2025-09-30 22:23:33.511624+03:00,2025-09-30 22:23:33.511624+03:00
8230.SR,Al Rajhi Company for Cooperative Insurance,Tadawul,2024,2,2024-06-30,1147188000.00,,89757000.00,-678023000.00,-713824000.00,2025-09-30 22:23:33.511624+03:00,2025-09-30 22:23:33.511624+03:00
8230.SR,Al Rajhi Company for Cooperative Insurance,Tadawul,2024,1,2024-03-31,,,,,,2025-09-30 22:23:33.511624+03:00,2025-09-30 22:23:33.511624+03:00
8230.SR,Al Rajhi Company for Cooperative Insurance,Tadawul,2023,4,2023-12-31,,,,,,2025-09-30 22:23:33.511624+03:00,2025-09-30 22:23:33.511624+03:00
8240.SR,Chubb Arabia Cooperative Insurance Company,Tadawul,2025,2,2025-06-30,48259051.00,,1011971.00,31779212.00,30315902.00,2025-09-30 22:23:37.968498+03:00,2025-09-30 22:23:37.968498+03:00
8240.SR,Chubb Arabia Cooperative Insurance Company,Tadawul,2025,1,2025-03-31,46367468.00,,2960052.00,25643239.00,24248643.00,2025-09-30 22:23:37.968498+03:00,2025-09-30 22:23:37.968498+03:00
8240.SR,Chubb Arabia Cooperative Insurance Company,Tadawul,2024,4,2024-12-31,48005755.00,,5265994.00,-29829943.00,-30134391.00,2025-09-30 22:23:37.968498+03:00,2025-09-30 22:23:37.968498+03:00
8240.SR,Chubb Arabia Cooperative Insurance Company,Tadawul,2024,3,2024-09-30,46466476.00,,1715174.00,31363586.00,31290316.00,2025-09-30 22:23:37.968498+03:00,2025-09-30 22:23:37.968498+03:00
8240.SR,Chubb Arabia Cooperative Insurance Company,Tadawul,2024,2,2024-06-30,43381884.00,,3645156.00,-4910260.00,-5101000.00,2025-09-30 22:23:37.968498+03:00,2025-09-30 22:23:37.968498+03:00
8240.SR,Chubb Arabia Cooperative Insurance Company,Tadawul,2024,1,2024-03-31,,,,,,2025-09-30 22:23:37.968498+03:00,2025-09-30 22:23:37.968498+03:00
8250.SR,Gulf Insurance Group,Tadawul,2025,2,2025-06-30,355751000.00,,32214000.00,2257000.00,1392000.00,2025-09-30 22:23:42.257128+03:00,2025-09-30 22:23:42.257128+03:00
8250.SR,Gulf Insurance Group,Tadawul,2025,1,2025-03-31,315792000.00,,27092000.00,-57693000.00,-63272000.00,2025-09-30 22:23:42.257128+03:00,2025-09-30 22:23:42.257128+03:00
8250.SR,Gulf Insurance Group,Tadawul,2024,4,2024-12-31,376099000.00,,47446000.00,51977000.00,48746000.00,2025-09-30 22:23:42.257128+03:00,2025-09-30 22:23:42.257128+03:00
8250.SR,Gulf Insurance Group,Tadawul,2024,3,2024-09-30,345144000.00,,21811000.00,106428000.00,104591000.00,2025-09-30 22:23:42.257128+03:00,2025-09-30 22:23:42.257128+03:00
8250.SR,Gulf Insurance Group,Tadawul,2024,2,2024-06-30,357162000.00,,51222000.00,-78551000.00,-79163000.00,2025-09-30 22:23:42.257128+03:00,2025-09-30 22:23:42.257128+03:00
8250.SR,Gulf Insurance Group,Tadawul,2024,1,2024-03-31,,,,,,2025-09-30 22:23:42.257128+03:00,2025-09-30 22:23:42.257128+03:00
8250.SR,Gulf Insurance Group,Tadawul,2023,4,2023-12-31,,,,,,2025-09-30 22:23:42.257128+03:00,2025-09-30 22:23:42.257128+03:00
8260.SR,Gulf General Cooperative Insurance Company,Tadawul,2025,2,2025-06-30,82290000.00,,-29079000.00,-17993000.00,-18322000.00,2025-09-30 22:23:46.940380+03:00,2025-09-30 22:23:46.940380+03:00
8260.SR,Gulf General Cooperative Insurance Company,Tadawul,2025,1,2025-03-31,88805000.00,,-23782000.00,-68157000.00,-68157000.00,2025-09-30 22:23:46.940380+03:00,2025-09-30 22:23:46.940380+03:00
8260.SR,Gulf General Cooperative Insurance Company,Tadawul,2024,4,2024-12-31,106672000.00,,-78997000.00,-28799000.00,-29273000.00,2025-09-30 22:23:46.940380+03:00,2025-09-30 22:23:46.940380+03:00
8260.SR,Gulf General Cooperative Insurance Company,Tadawul,2024,3,2024-09-30,102037000.00,,-1799000.00,-32184000.00,-32253000.00,2025-09-30 22:23:46.940380+03:00,2025-09-30 22:23:46.940380+03:00
8260.SR,Gulf General Cooperative Insurance Company,Tadawul,2024,2,2024-06-30,94442000.00,,-7672000.00,-21703000.00,-21703000.00,2025-09-30 22:23:46.940380+03:00,2025-09-30 22:23:46.940380+03:00
8260.SR,Gulf General Cooperative Insurance Company,Tadawul,2024,1,2024-03-31,,,,,,2025-09-30 22:23:46.940380+03:00,2025-09-30 22:23:46.940380+03:00
8270.SR,Buruj Cooperative Insurance Company,Tadawul,2025,2,2025-06-30,116252260.00,,1539833.00,55660824.00,55400824.00,2025-09-30 22:23:51.298539+03:00,2025-09-30 22:23:51.298539+03:00
8270.SR,Buruj Cooperative Insurance Company,Tadawul,2025,1,2025-03-31,100803806.00,,1298399.00,44328065.00,43771665.00,2025-09-30 22:23:51.298539+03:00,2025-09-30 22:23:51.298539+03:00
8270.SR,Buruj Cooperative Insurance Company,Tadawul,2024,4,2024-12-31,84493355.00,,1608554.00,-5299751.00,-6709339.00,2025-09-30 22:23:51.298539+03:00,2025-09-30 22:23:51.298539+03:00
8270.SR,Buruj Cooperative Insurance Company,Tadawul,2024,3,2024-09-30,108179382.00,,613789.00,-27556970.00,-29408587.00,2025-09-30 22:23:51.298539+03:00,2025-09-30 22:23:51.298539+03:00
8270.SR,Buruj Cooperative Insurance Company,Tadawul,2024,2,2024-06-30,83877696.00,,3340640.00,-28404527.00,-29154825.00,2025-09-30 22:23:51.298539+03:00,2025-09-30 22:23:51.298539+03:00
8270.SR,Buruj Cooperative Insurance Company,Tadawul,2024,1,2024-03-31,,,,,,2025-09-30 22:23:51.298539+03:00,2025-09-30 22:23:51.298539+03:00
8280.SR,Liva Insurance Company,Tadawul,2025,2,2025-06-30,119223000.00,,3415000.00,-44666000.00,-45710000.00,2025-09-30 22:23:55.659559+03:00,2025-09-30 22:23:55.659559+03:00
8280.SR,Liva Insurance Company,Tadawul,2025,1,2025-03-31,102592000.00,,1842000.00,-19437000.00,-19810000.00,2025-09-30 22:23:55.659559+03:00,2025-09-30 22:23:55.659559+03:00
8280.SR,Liva Insurance Company,Tadawul,2024,4,2024-12-31,88220000.00,,10796000.00,59970000.00,59257000.00,2025-09-30 22:23:55.659559+03:00,2025-09-30 22:23:55.659559+03:00
8280.SR,Liva Insurance Company,Tadawul,2024,3,2024-09-30,115503000.00,,10718000.00,7021000.00,6611000.00,2025-09-30 22:23:55.659559+03:00,2025-09-30 22:23:55.659559+03:00
8280.SR,Liva Insurance Company,Tadawul,2024,2,2024-06-30,92601000.00,,6602000.00,-1022000.00,-1677000.00,2025-09-30 22:23:55.659559+03:00,2025-09-30 22:23:55.659559+03:00
8280.SR,Liva Insurance Company,Tadawul,2024,1,2024-03-31,,,,,,2025-09-30 22:23:55.659559+03:00,2025-09-30 22:23:55.659559+03:00
8300.SR,Wataniya Insurance Company,Tadawul,2025,2,2025-06-30,342754000.00,,446000.00,-60786000.00,-60786000.00,2025-09-30 22:24:00.079106+03:00,2025-09-30 22:24:00.079106+03:00
8300.SR,Wataniya Insurance Company,Tadawul,2025,1,2025-03-31,346379000.00,,6238000.00,5598000.00,5467000.00,2025-09-30 22:24:00.079106+03:00,2025-09-30 22:24:00.079106+03:00
8300.SR,Wataniya Insurance Company,Tadawul,2024,4,2024-12-31,387535000.00,,32486000.00,-21126000.00,-26963000.00,2025-09-30 22:24:00.079106+03:00,2025-09-30 22:24:00.079106+03:00
8300.SR,Wataniya Insurance Company,Tadawul,2024,3,2024-09-30,349789000.00,,14881000.00,91739000.00,91740000.00,2025-09-30 22:24:00.079106+03:00,2025-09-30 22:24:00.079106+03:00
8300.SR,Wataniya Insurance Company,Tadawul,2024,2,2024-06-30,309535000.00,,28402000.00,134074000.00,133038000.00,2025-09-30 22:24:00.079106+03:00,2025-09-30 22:24:00.079106+03:00
8300.SR,Wataniya Insurance Company,Tadawul,2024,1,2024-03-31,,,,,,2025-09-30 22:24:00.079106+03:00,2025-09-30 22:24:00.079106+03:00
8310.SR,Amana Cooperative Insurance Company,Tadawul,2025,2,2025-06-30,70109000.00,,5611000.00,16498000.00,15739000.00,2025-09-30 22:24:04.580857+03:00,2025-09-30 22:24:04.580857+03:00
8310.SR,Amana Cooperative Insurance Company,Tadawul,2025,1,2025-03-31,58603000.00,,-5860000.00,-8535000.00,-8928000.00,2025-09-30 22:24:04.580857+03:00,2025-09-30 22:24:04.580857+03:00
8310.SR,Amana Cooperative Insurance Company,Tadawul,2024,4,2024-12-31,61062000.00,,328000.00,-3365000.00,-3921000.00,2025-09-30 22:24:04.580857+03:00,2025-09-30 22:24:04.580857+03:00
8310.SR,Amana Cooperative Insurance Company,Tadawul,2024,3,2024-09-30,62127000.00,,169000.00,13016000.00,12452000.00,2025-09-30 22:24:04.580857+03:00,2025-09-30 22:24:04.580857+03:00
8310.SR,Amana Cooperative Insurance Company,Tadawul,2024,2,2024-06-30,54638000.00,,9578000.00,6227000.00,6073000.00,2025-09-30 22:24:04.580857+03:00,2025-09-30 22:24:04.580857+03:00
8310.SR,Amana Cooperative Insurance Company,Tadawul,2024,1,2024-03-31,,,,,,2025-09-30 22:24:04.580857+03:00,2025-09-30 22:24:04.580857+03:00
8310.SR,Amana Cooperative Insurance Company,Tadawul,2023,4,2023-12-31,,,,,,2025-09-30 22:24:04.580857+03:00,2025-09-30 22:24:04.580857+03:00
8311.SR,Saudi Enaya Cooperative Insurance Company,Tadawul,2025,2,2025-06-30,51181000.00,,169000.00,-11643000.00,-11758000.00,2025-09-30 22:24:08.905420+03:00,2025-09-30 22:24:08.905420+03:00
8311.SR,Saudi Enaya Cooperative Insurance Company,Tadawul,2025,1,2025-03-31,58168000.00,,513000.00,-6712000.00,-6732000.00,2025-09-30 22:24:08.905420+03:00,2025-09-30 22:24:08.905420+03:00
8311.SR,Saudi Enaya Cooperative Insurance Company,Tadawul,2024,4,2024-12-31,60214000.00,,-9321000.00,11188000.00,10761000.00,2025-09-30 22:24:08.905420+03:00,2025-09-30 22:24:08.905420+03:00
8311.SR,Saudi Enaya Cooperative Insurance Company,Tadawul,2024,3,2024-09-30,62352000.00,,-15165000.00,-13001000.00,-13898000.00,2025-09-30 22:24:08.905420+03:00,2025-09-30 22:24:08.905420+03:00
8311.SR,Saudi Enaya Cooperative Insurance Company,Tadawul,2024,2,2024-06-30,60760000.00,,728000.00,-21729000.00,-22531000.00,2025-09-30 22:24:08.905420+03:00,2025-09-30 22:24:08.905420+03:00
8311.SR,Saudi Enaya Cooperative Insurance Company,Tadawul,2024,1,2024-03-31,,,,,,2025-09-30 22:24:08.905420+03:00,2025-09-30 22:24:08.905420+03:00
8311.SR,Saudi Enaya Cooperative Insurance Company,Tadawul,2023,4,2023-12-31,,,,,,2025-09-30 22:24:08.905420+03:00,2025-09-30 22:24:08.905420+03:00
8313.SR,Rasan Information Technology Company,Tadawul,2025,2,2025-06-30,124224821.00,90411491.00,45016311.00,17924478.00,6304244.00,2025-09-30 22:22:14.612725+03:00,2025-09-30 22:22:14.612725+03:00
8313.SR,Rasan Information Technology Company,Tadawul,2025,1,2025-03-31,120511007.00,85760409.00,30001253.00,84119932.00,75912819.00,2025-09-30 22:22:14.612725+03:00,2025-09-30 22:22:14.612725+03:00
8313.SR,Rasan Information Technology Company,Tadawul,2024,4,2024-12-31,117871274.00,93296273.00,39788717.00,70340617.00,61710792.00,2025-09-30 22:22:14.612725+03:00,2025-09-30 22:22:14.612725+03:00
8313.SR,Rasan Information Technology Company,Tadawul,2024,3,2024-09-30,109999634.00,67370061.00,36646818.00,20295851.00,12967303.00,2025-09-30 22:22:14.612725+03:00,2025-09-30 22:22:14.612725+03:00
8313.SR,Rasan Information Technology Company,Tadawul,2024,2,2024-06-30,63525256.00,37433656.00,8819046.00,54652778.00,46451934.00,2025-09-30 22:22:14.612725+03:00,2025-09-30 22:22:14.612725+03:00
8313.SR,Rasan Information Technology Company,Tadawul,2024,1,2024-03-31,,,,,,2025-09-30 22:22:14.612725+03:00,2025-09-30 22:22:14.612725+03:00
9513.SR,Watani Iron Steel Company,NOMU,2025,2,2025-06-30,97519143.00,1342720.00,-1756541.00,,,2025-09-30 22:33:20.094206+03:00,2025-09-30 22:33:20.094206+03:00
9513.SR,Watani Iron Steel Company,NOMU,2024,2,2024-06-30,128653804.00,3961329.00,-1503428.00,,,2025-09-30 22:33:20.094206+03:00,2025-09-30 22:33:20.094206+03:00
9517.SR,MOBI Industry Co.,NOMU,2025,2,2025-06-30,57639739.00,18705186.00,4039417.00,,,2025-09-30 22:33:11.357435+03:00,2025-09-30 22:33:11.357435+03:00
9517.SR,MOBI Industry Co.,NOMU,2024,2,2024-06-30,56647209.00,20372293.00,7997944.00,,,2025-09-30 22:33:11.357435+03:00,2025-09-30 22:33:11.357435+03:00
9518.SR,Canadian General Medical Center Complex Company,NOMU,2025,2,2025-06-30,32253331.00,8314124.00,831556.00,,,2025-09-30 22:31:58.193787+03:00,2025-09-30 22:31:58.193787+03:00
9518.SR,Canadian General Medical Center Complex Company,NOMU,2024,2,2024-06-30,26901643.00,7131899.00,3590533.00,,,2025-09-30 22:31:58.193787+03:00,2025-09-30 22:31:58.193787+03:00
9525.SR,Alwasail Industrial Company,NOMU,2025,2,2025-06-30,116210566.00,24539587.00,3566456.00,28930144.00,23803703.00,2025-09-30 22:35:41.967977+03:00,2025-09-30 22:35:41.967977+03:00
9525.SR,Alwasail Industrial Company,NOMU,2025,1,2025-03-31,107099185.00,30898545.00,13276993.00,-15440265.00,-22665949.00,2025-09-30 22:35:41.967977+03:00,2025-09-30 22:35:41.967977+03:00
9525.SR,Alwasail Industrial Company,NOMU,2024,2,2024-06-30,109691920.00,24416089.00,10885641.00,27467009.00,18823036.00,2025-09-30 22:35:41.967977+03:00,2025-09-30 22:35:41.967977+03:00
9525.SR,Alwasail Industrial Company,NOMU,2024,1,2024-03-31,110313742.00,34722047.00,13456532.00,2803348.00,2048055.00,2025-09-30 22:35:41.967977+03:00,2025-09-30 22:35:41.967977+03:00
9527.SR,Alf Meem Yaa for Medical Supplies and Equipment Company,NOMU,2025,2,2025-06-30,68139806.00,29419449.00,8308084.00,,,2025-09-30 22:31:44.866328+03:00,2025-09-30 22:31:44.866328+03:00
9527.SR,Alf Meem Yaa for Medical Supplies and Equipment Company,NOMU,2024,2,2024-06-30,54300957.00,22979410.00,13542679.00,,,2025-09-30 22:31:44.866328+03:00,2025-09-30 22:31:44.866328+03:00
9528.SR,Gas Arabian Services Company,NOMU,2025,2,2025-06-30,319787900.00,62288742.00,38822797.00,,,2025-09-30 22:35:46.359243+03:00,2025-09-30 22:35:46.359243+03:00
9528.SR,Gas Arabian Services Company,NOMU,2024,2,2024-06-30,268413302.00,40127709.00,24355831.00,,,2025-09-30 22:35:46.359243+03:00,2025-09-30 22:35:46.359243+03:00
9540.SR,National Environmental Recycling Company,NOMU,2025,2,2025-06-30,228614869.00,19720052.00,8361412.00,16276296.00,-886368.00,2025-09-30 22:36:07.868156+03:00,2025-09-30 22:36:07.868156+03:00
9540.SR,National Environmental Recycling Company,NOMU,2025,1,2025-03-31,267543614.00,28469526.00,18274550.00,-32021525.00,-41451518.00,2025-09-30 22:36:07.868156+03:00,2025-09-30 22:36:07.868156+03:00
9540.SR,National Environmental Recycling Company,NOMU,2024,2,2024-06-30,196220189.00,10290089.00,4959018.00,10503402.00,4198836.00,2025-09-30 22:36:07.868156+03:00,2025-09-30 22:36:07.868156+03:00
9540.SR,National Environmental Recycling Company,NOMU,2024,1,2024-03-31,200671131.00,11739528.00,8076687.00,14852949.00,-11626646.00,2025-09-30 22:36:07.868156+03:00,2025-09-30 22:36:07.868156+03:00
9547.SR,Rawasi Albina Investment Co.,NOMU,2024,2,2024-06-30,27089667.00,9398283.00,1647091.00,,,2025-09-30 22:35:07.156867+03:00,2025-09-30 22:35:07.156867+03:00
9549.SR,Abdulaziz and Mansour Ibrahim Albabtin Co.,NOMU,2025,2,2025-06-30,59163307.00,12276467.00,1824330.00,,,2025-09-30 22:32:24.236159+03:00,2025-09-30 22:32:24.236159+03:00
9549.SR,Abdulaziz and Mansour Ibrahim Albabtin Co.,NOMU,2024,2,2024-06-30,48023518.00,10319413.00,2643639.00,,,2025-09-30 22:32:24.236159+03:00,2025-09-30 22:32:24.236159+03:00
9550.SR,Sure Global Tech Co.,NOMU,2025,2,2025-06-30,90530625.00,15248021.00,7341278.00,,,2025-09-30 22:38:13.389333+03:00,2025-09-30 22:38:13.389333+03:00
9550.SR,Sure Global Tech Co.,NOMU,2024,2,2024-06-30,61029232.00,18353348.00,8104309.00,,,2025-09-30 22:38:13.389333+03:00,2025-09-30 22:38:13.389333+03:00
9556.SR,Nofoth Food Products Company,NOMU,2025,2,2025-06-30,105494150.00,65661926.00,12474788.00,,,2025-09-30 22:30:34.755823+03:00,2025-09-30 22:30:34.755823+03:00
9556.SR,Nofoth Food Products Company,NOMU,2024,2,2024-06-30,84097010.00,51261991.00,10247923.00,,,2025-09-30 22:30:34.755823+03:00,2025-09-30 22:30:34.755823+03:00
9557.SR,Edarat Communication and Information Technology Co.,NOMU,2025,2,2025-06-30,46777506.00,20800868.00,13984694.00,,,2025-09-30 22:38:22.049870+03:00,2025-09-30 22:38:22.049870+03:00
9557.SR,Edarat Communication and Information Technology Co.,NOMU,2024,2,2024-06-30,28011785.00,14699752.00,9659099.00,,,2025-09-30 22:38:22.049870+03:00,2025-09-30 22:38:22.049870+03:00
9559.SR,Balady Poultry Company,NOMU,2025,2,2025-06-30,211121212.00,18744209.00,11410491.00,12363128.00,-55413857.00,2025-09-30 22:30:39.040149+03:00,2025-09-30 22:30:39.040149+03:00
9559.SR,Balady Poultry Company,NOMU,2025,1,2025-03-31,204134036.00,14425768.00,6657796.00,8241525.00,-30623004.00,2025-09-30 22:30:39.040149+03:00,2025-09-30 22:30:39.040149+03:00
9559.SR,Balady Poultry Company,NOMU,2024,4,2024-12-31,219753259.00,27402430.00,18132717.00,92136885.00,-45061096.00,2025-09-30 22:30:39.040149+03:00,2025-09-30 22:30:39.040149+03:00
9559.SR,Balady Poultry Company,NOMU,2024,3,2024-09-30,217732733.00,34842788.00,28045274.00,26302101.00,42156637.00,2025-09-30 22:30:39.040149+03:00,2025-09-30 22:30:39.040149+03:00
9559.SR,Balady Poultry Company,NOMU,2024,2,2024-06-30,217676602.00,37178674.00,31330563.00,-2734847.00,-10230213.00,2025-09-30 22:30:39.040149+03:00,2025-09-30 22:30:39.040149+03:00
9559.SR,Balady Poultry Company,NOMU,2024,1,2024-03-31,,,,,,2025-09-30 22:30:39.040149+03:00,2025-09-30 22:30:39.040149+03:00
9560.SR,Waja Company,NOMU,2025,2,2025-06-30,25925370.00,8294317.00,353267.00,,,2025-09-30 22:35:24.342953+03:00,2025-09-30 22:35:24.342953+03:00
9560.SR,Waja Company,NOMU,2024,2,2024-06-30,62603196.00,7783903.00,2698620.00,,,2025-09-30 22:35:24.342953+03:00,2025-09-30 22:35:24.342953+03:00
9564.SR,Horizon Food Company Limited,NOMU,2025,2,2025-06-30,18138082.00,6104507.00,3099816.00,,,2025-09-30 22:30:43.407525+03:00,2025-09-30 22:30:43.407525+03:00
9564.SR,Horizon Food Company Limited,NOMU,2024,2,2024-06-30,14153445.00,4790517.00,2140562.00,,,2025-09-30 22:30:43.407525+03:00,2025-09-30 22:30:43.407525+03:00
9594.SR,Al-Modawat Specialized Medical ,NOMU,2025,2,2025-06-30,26540763.00,12117788.00,4819927.00,2474244.00,2474244.00,2025-09-30 22:31:22.391504+03:00,2025-09-30 22:31:22.391504+03:00
9594.SR,Al-Modawat Specialized Medical ,NOMU,2025,1,2025-03-31,28679124.00,13582309.00,5529973.00,910079.00,910079.00,2025-09-30 22:31:22.391504+03:00,2025-09-30 22:31:22.391504+03:00
9594.SR,Al-Modawat Specialized Medical ,NOMU,2024,2,2024-06-30,18725355.00,8782332.00,2096751.00,-11022350.00,-11022350.00,2025-09-30 22:31:22.391504+03:00,2025-09-30 22:31:22.391504+03:00
9594.SR,Al-Modawat Specialized Medical ,NOMU,2024,1,2024-03-31,18562460.00,8545749.00,1064680.00,8777413.00,8777413.00,2025-09-30 22:31:22.391504+03:00,2025-09-30 22:31:22.391504+03:00
9596.SR,Quara Finance Company,NOMU,2025,1,2025-03-31,70540336.00,54427558.00,8555505.00,-58521557.00,-60096746.00,2025-09-30 22:32:58.539845+03:00,2025-09-30 22:32:58.539845+03:00
9596.SR,Quara Finance Company,NOMU,2024,4,2024-12-31,59011541.00,44345447.00,8658899.00,-80323110.00,-82017959.00,2025-09-30 22:32:58.539845+03:00,2025-09-30 22:32:58.539845+03:00
9596.SR,Quara Finance Company,NOMU,2024,3,2024-09-30,46637248.00,33301872.00,9340106.00,-26400093.00,-28140283.00,2025-09-30 22:32:58.539845+03:00,2025-09-30 22:32:58.539845+03:00
9596.SR,Quara Finance Company,NOMU,2024,2,2024-06-30,51369116.00,38546146.00,12675079.00,35265174.00,33333240.00,2025-09-30 22:32:58.539845+03:00,2025-09-30 22:32:58.539845+03:00
9596.SR,Quara Finance Company,NOMU,2024,1,2024-03-31,49151594.00,38772084.00,12572304.00,36184407.00,34822932.00,2025-09-30 22:32:58.539845+03:00,2025-09-30 22:32:58.539845+03:00
9596.SR,Quara Finance Company,NOMU,2023,4,2023-12-31,,,,,,2025-09-30 22:32:58.539845+03:00,2025-09-30 22:32:58.539845+03:00
9611.SR,Arabian United Float Glass Company,NOMU,2025,2,2025-06-30,71154158.00,31134394.00,16160958.00,8852685.00,8014361.00,2025-09-30 22:34:46.004379+03:00,2025-09-30 22:34:46.004379+03:00
9611.SR,Arabian United Float Glass Company,NOMU,2025,1,2025-03-31,84939559.00,35911873.00,21110490.00,36381540.00,33217346.00,2025-09-30 22:34:46.004379+03:00,2025-09-30 22:34:46.004379+03:00
9611.SR,Arabian United Float Glass Company,NOMU,2024,2,2024-06-30,53538073.00,22325806.00,8886715.00,8778708.00,6047667.00,2025-09-30 22:34:46.004379+03:00,2025-09-30 22:34:46.004379+03:00
9611.SR,Arabian United Float Glass Company,NOMU,2024,1,2024-03-31,74205549.00,30001105.00,17099045.00,25112993.00,21772279.00,2025-09-30 22:34:46.004379+03:00,2025-09-30 22:34:46.004379+03:00
9621.SR,Digital Research Company,NOMU,2025,2,2025-06-30,11650193.00,1188916.00,-2482108.00,,,2025-09-30 22:36:25.267253+03:00,2025-09-30 22:36:25.267253+03:00
9621.SR,Digital Research Company,NOMU,2024,2,2024-06-30,12192597.00,4029789.00,1171784.00,,,2025-09-30 22:36:25.267253+03:00,2025-09-30 22:36:25.267253+03:00
